2898 5008
962 227 992 272 ἡ
1059 263 1062 276 .

285 351 396 473 Pras
423 395 452 471 1.
489 361 614 505 saci.
640 395 670 472 1.
707 397 804 470 cta.
827 397 860 516 r„
897 397 932 488 §.
958 398 1021 506 29.
1147 399 1197 471 93

211 596 331 670 gionum
356 608 385 648 et
409 586 580 652 Nemetum,v
614 589 748 644 Coloniae
777 590 949 665 Agrippinae
974 589 1130 654 Ubiorum,
1164 592 1195 646 in

212 663 282 718 urbe
308 661 492 736 Mogurrtina,
520 658 698 733 ingolstadii,
725 657 942 732 Norirnbergae‚
969 660 1143 715 Francofurti
1162 661 1195 713 ad

213 733 360 791 Moenum,
379 727 548 801 limburgi,
568 728 602 780 Li
625 729 674 780 fiae
692 728 786 790 etiam,
804 736 891 780 artem
909 729 984 781 luam
1002 745 1193 790 exercuerunt.

212 800 247 854 ad
272 808 363 852 uu'um
395 801 451 852 lere
475 815 571 850 omnes
599 749 633 850 «le
662 811 775 849 externo
800 796 880 850 cultu
904 795 1045 850 librorum
1072 797 1106 852 ab
1129 798 1194 873 iplia

212 867 374 930 emillorum
391 865 624 946 negligentiores,
647 883 730 940 quam
748 883 799 938 par
813 857 1027 946 eratsrluerunt.

586 1043 620 1132 t.
671 1042 732 1114 29.

211 1171 249 1252 b)
280 1163 515 1254 Editionee
538 1165 715 1226 ratione
741 1141 885 1228 textule
907 1163 1105 1228 eximiae.

225 1308 390 1382 Ratione
425 1323 550 1376 textus
578 1329 665 1400 prae
701 1306 851 1377 caeteris
876 1307 1049 1401 pretium·
1068 1308 1194 1402 impo-

123 1413 231 1484 nitur
259 1411 297 1498 l)
325 1407 566 1479 Editionibus
601 1405 649 1476 fic
676 1405 783 1477 dictis
808 1407 1063 1506 principibus,
1098 1433 1194 1501 quae
1251 1457 1252 1461 =

125 1539 213 1586 cum
241 1529 346 1582 textu
387 1511 452 1578 suo
485 1508 659 1604 proxime
692 1507 740 1576 ad
768 1509 917 1580 Codicis
949 1509 1193 1602 manuscripti

124 1615 331 1686 lectionem
358 1609 591 1694 accedentes,
635 1626 673 1678 et
703 1606 804 1702 ipsae
839 1611 1023 1680 Codicum
1061 1627 1222 1680 manu-¹

125 1715 351 1810 scriptorum
392 1706 504 1780 instar
545 1710 731 1779 habentur
749 1705 807 1799 *);
853 1708 894 1802 2)
936 1711 1190 1794 Editionibus,

124 1841 220 1912 quae
248 1812 445 1886 elenchum
470 1811 697 1902 variantium
721 1811 954 1896 lectionum,
990 1835 1076 1883 cnm
1104 1833 1191 1910 'cura
1222 1811 1225 1821 “

125 1936 164 1987 et
191 1915 384 2013 diligentia
418 1939 464 1983 ex
495 1912 600 1982 libris
635 1910 916 2008 nranulcriptiS‚
952 1912 1192 1984 Verlionibus

111 2017 304 2110 antiquis,
333 2012 491 2087 Scholiis
510 2029 579 2083 etc.
602 2014 815 2097 collectum,
843 2014 1040 2084 adtentus
1069 2039 1190 2083 emen-

125 2119 319 2190 dationem
353 2113 604 2207 adjuvandam
636 2113 833 2196 exhibent3
869 2133 918 2185 et.
938 2113 978 2204 3)
1005 2115 1191 2186 Editioni-

122 2219 212 2303 bus,
247 2241 406 2313 quarum
439 2215 627 2286 Auctores
674 2213 712 2283 in
750 2215 990 2286 emendando.
1029 2235 1066 2285 et
1093 2213 1191 2286 resti-

122 2320 266 2393 tuendo
295 2337 402 2390 textu
418 2316 594 2387 Criticam
619 2315 783 2387 sobriam
801 2311 860 2408 **)
888 2335 925 2389 et
949 2315 1100 2388 felicem
1129 2317 1214 2392 adv

121 2423 328 2493 hibuerunt
341 2417 429 2507 ***).

121 2573 354 2596 Μ

68 2644 70 2649 ’
155 2653 182 2720 *)
207 2647 273 2703 Non
298 2664 397 2700 omnes
412 2635 558 2699 Editionee
583 2643 874 2720 principeseiusdem
894 2647 956 2698 lunt
973 2643 1144 2699 conditionis
1163 2659 1190 2698 at

206 2715 398 2791 praestantiae:
424 2732 480 2766 non
505 2713 583 2778 enim
602 2714 634 2766 in
651 2713 783 2767 omnibus
801 2714 928 2790 patefacti
948 2716 1010 2767 lunt
1028 2713 1135 2776 lentes,
1156 2733 1190 2766 ex

209 2783 313 2857 quibus
330 2798 420 2834 textus
440 2782 554 2834 materia
572 2782 711 2851 manavit;
730 2803 787 2835 uon
804 2801 900 2836 omnes
918 2781 1188 2844 fideliterarelerunt,

209 2869 312 2925 quaea
334 2847 458 2902 fontibus
475 2851 539 2925 iplia
559 2849 647 2904 delata
663 2853 726 2904 lunt
744 2869 770 2904 et
789 2869 844 2905 non
864 2869 959 2904 omnes
978 2849 1098 2924 denique
1116 2852 1124 2902 i
1130 2852 1189 2903 ndi-

208 2935 289 2981 cant,
339 2917 389 2970 uid
406 2933 513 2981 textus,
543 2939 627 2992 quem
645 2918 796 2984 exhibent,
824 2919 976 2974 Godicibus
993 2921 1188 2994 manuscriptis

209 2939 455 3062 quidveqssditoris
473 2987 589 3060 ingenio
607 2987 697 3043 debet.

75 3118 86 3128 -
156 3083 201 3152 Μ)
219 3080 251 3134 Id
271 3071 404 3142 testeam,
434 3099 502 3154 quae
526 3081 633 3134 ratione
651 3080 744 3134 habita
762 3097 970 3156 praeceptorum
990 3081 1188 3135 Grammaticos
1218 3129 1222 3136 .

207 3165 235 3203 et
252 3149 379 3222 Logices,
405 3147 506 3201 innila'
519 3147 664 3203 historicae
681 3151 792 3203 veritati
815 3167 841 3203 et
858 3150 1062 3203 accommodata
1081 3151 1122 3218 adx
1133 3153 1189 3202 Au-

207 3217 291 3272 ctoris
309 3216 397 3270 animi
415 3215 541 3271 indolem
560 3217 752 3290 scribendique
771 3218 899 3278 modum,
918 3219 949 3271 in
968 3217 1037 3272 libri
1054 3234 1132 3272 textu
1148 3237 1189 3271 re-

207 3285 343 3340 stituendo
361 3283 505 3340 laboravit.
542 3285 713 3340 Criticorurn
735 3286 909 3360 lagacillrmi,
929 3288 1131 3342 accuratillimi.
1150 3287 1188 3340 fe-

208 3353 347 3407 ticifflmi:
365 3354 493 3405 Benene
512 3356 698 3416 Raraunum,
719 3357 878 3409 turcotam
897 3357 1082 3418 limaturae,
1108 3359 1189 3409 'l'rao-

206 3438 269 3475 atas
289 3423 478 3479 Gauranos,
498 3423 662 3476 Hnnnrcns
682 3427 886 3487 Srnrrtanus,
914 3425 1109 3477 Dasmanrns
1130 3425 1189 3478 Hu-

209 3507 352 3551 nacnus,
388 3492 536 3547 loannes*
573 3492 748 3556 Cunnrcus,
792 3493 946 3549 Junrunus
989 3491 1186 3553 Gariannum,

207 3557 403 3611 Bennannus
429 3577 472 3610 nn
492 3559 736 3622 Monrraucon‚
762 3561 808 3618 lo.
827 3561 996 3614 Lonorius
1016 3563 1189 3614 Biinenan-

203 3645 263 3680 uus
289 3625 323 3680 al.
358 3627 530 3680 Dasmanrr
556 3629 681 3683 linatur
705 3628 794 3682 studia
820 3629 917 3683 critica
942 3629 1119 3684 diversrllima
1145 3651 1188 3685 ex·
1217 3659 1218 3668 1

206 3711 283 3771 perta
301 3697 364 3748 lunt
380 3695 496 3766 judicia.

155 3793 216 3860 m)
240 3791 353 3842 Patrum
370 3776 504 3845 Ecclesiae
530 3791 692 3846 auctoritate
708 3791 929 3866 praevalentium
951 3791 1097 3848 Editiones
1114 3813 1189 3870 prae·

205 3856 378 3912 stantillrmae
395 3857 446 3910 hae
465 3859 546 3912 sunta
885 3863 889 3874 ¹

256 3951 396 4006 Pannona
420 3951 780 4006 aeosnonrconuu'edit.
807 3955 855 4009 Jo.
880 3953 968 4024 Bupt.
995 3955 1133 4011 Cotalerii
1156 3975 1191 4010 ex

206 4019 396 4093 tecognitioue
415 4022 465 4076 Jo.
488 4021 599 4077 Clerici.
633 4020 746 4076 Amstel.
766 4024 851 4094 (698.)
868 4029 927 4082 724.
946 4023 981 4076 Il.
1008 4023 1057 4079 fol.

257 4111 284 4165 6.
302 4111 452 4166 Dronrsrr
470 4111 699 4166 Anaornorean
728 4115 754 4169 0
775 4134 863 4170 erum
882 4115 1024 4172 oninium
1046 4117 1112 4173 edit.
1139 4121 1190 4175 Ge.

206 4175 406 4247 Constantini.
441 4181 540 4237 Venet.
556 4189 607 4240 755
622 4183 661 4258 sq.
687 4183 722 4238 ll.
748 4135 798 4239 lit.

254 4273 382 4331 Josrrnr
394 4275 566 4328 Mannrars
586 4275 722 4342 Operum
739 4277 890 4338 omnium,
911 4295 1033 4332 necnon
1050 4280 1192 4334 Tarmnr
1230 4283 1233 4288 '

205 4343 276 4399 adu.
295 4343 424 4399 Graecos
448 4347 553 4406 Orat..
578 4345 823 4398 tennemonn
843 4347 1029 4422 Legat.,pro
1054 4345 1190 4418 Christia-
