2898 5008
271 403 334 538 <tl
390 407 499 484 Pana
524 407 593 482 III.
636 407 756 482 sacr.
784 409 813 480 Ι.
854 407 1008 486 crat.
1050 415 1086 503 5.
1112 408 1253 544 4262.
1371 389 1376 413 ‘

239 593 241 598 ’
279 593 393 668 tione
419 589 631 680 accedere,
658 615 736 665 nec
762 587 904 679 fassit,
932 616 1008 666 nec
1031 593 1113 666 viri
1126 589 1361 694 prudentis,
1433 621 1434 672 ῑ

279 669 527 767 αηῐθῡιῂηὶει
546 693 596 766 de
619 693 670 766 iis
689 692 968 790 quaerendum
994 685 1063 781 e'st,
1090 720 1191 790 quae
1205 687 1364 772 L'ector
1433 681 1434 702 ¹

282 793 334 868 ad
349 801 513 869 Patrum
528 794 655 868 libros
679 792 877 890 legendos
896 791 1040 868 afferre
1058 793 1211 871 debeat.
1247 800 1363 872 Bene

280 921 383 970 vero
401 911 685 998 praeparatum
702 892 779 968 else
795 911 892 968 tunc
906 911 1017 969 recte
1037 895 1361 990 diciturLector,

281 1001 375 1070 cum
398 995 606 1096 praeditus
633 995 679 1069 stt
696 1021 745 1069 eo
769 996 926 1094 ingenii
948 997 1094 1096 vigore
1118 1013 1157 1071 et
1185 1001 1360 1089 cultura,

263 1097 374 1174 'satis
409 1121 572 1195 quoque
603 1098 838 1170 exercitatus
870 1098 921 1170 iis
953 1098 996 1170 in
1027 1099 1200 1190 artibus,
1239 1114 1361 1198 atque

278 1197 496 1276 instructus
521 1199 571 1273 iis
591 1197 798 1280 doctrinae
815 1221 858 1272 ac
883 1197 1070 1272 scientiae
1096 1203 1238 1300 copiis,
1269 1202 1361 1296 qui-

278 1299 356 1374 bus
384 1299 434 1372 ad
461 1315 571 1374 recte
602 1297 800 1399 legendos
836 1315 876 1374 et
907 1299 1035 1398 probe
1066 1300 1360 1404 intelligendos

278 1403 444 1478 Patrum
469 1401 596 1476 libros
621 1400 732 1474 haud
757 1425 892 1476 carere
923 1395 1048 1502 poffit.

652 1719 655 1728 ,
696 1643 698 1648 ’
733 1624 768 1715 t·
830 1621 890 1723 62·

483 1788 521 1876 1)
551 1731 729 1878 Ingenii
759 1785 887 1882 vigor
914 1802 957 1852 et
987 1767 1149 1855 cultus.⁴

261 1995 271 2008 =·
320 1999 329 2014 .
379 1945 539 2046 Ingenii
576 1945 771 2022 naturalis
805 1943 1019 2022 dexteritas
1045 1973 1106 2021 *ac
1145 1943 1266 2047 vigor
1307 1950 1359 2026 ad

276 2045 442 2122 Patrum
466 2047 768 2122 tractandorum
786 2045 963 2121 studium
979 2045 1219 2124 necessarius
1238 2049 1282 2126 in
1304 2075 1357 2127 eo

276 2146 430 2248 politus
457 2148 532 2236 est,
559 2165 606 2222 ut
631 2149 908 2246 cuiuscunque
925 2130 1052 2225 Pasris
1078 2151 1291 2250 ingenium
1317 2169 1358 2228 et

174 2253 180 2266 '
274 2273 414 2324 mores
438 2247 566 2350 probe
591 2251 819 2349 intelligere
846 2265 885 2322 et
911 2245 1085 2326 fideliter
1111 2277 1274 2351 capere,
1305 2253 1357 2328 ad

207 2353 209 2358 ’
275 2349 400 2450 ipsius
434 2352 542 2426 vitae
560 2367 615 2426 ¹et
646 2350 765 2426 status
797 2352 997 2426 rationem
1028 2351 1212 2427 nostrum
1246 2355 1356 2450 judi·

276 2451 388 2538 cium
414 2449 694 2540 conformare,
721 2469 761 2526 et
783 2451 904 2558 liberi
923 2479 972 2526 ex
990 2453 1217 2529 carceribus
1237 2481 1355 2555 prae·

276 2551 566 2652 conceptarum
583 2555 845 2652 opinionum,
874 2578 922 2626 ex
939 2554 1173 2629 nostrorum
1195 2571 1354 2658 tempo·

273 2677 370 2728 rum
394 2653 629 2730 conditione
657 2669 704 2743 ,et
727 2651 925 2728 Ecclesiae
951 2655 1110 2734 nostrae
1135 2653 1261 2746 statu,
1289 2657 1353 2733 'ad

275 2753 363 2830 eius
391 2756 528 2828 aetatis
556 2754 740 2830 indolem
764 2771 803 2828 et
832 2759 919 2847 ejus
944 2755 1143 2830 Ecclesiae
1169 2755 1348 2832 habitum

273 2878 353 2931 nos
385 2873 625 2940 convertere
652 2871 692 2930 et
712 2855 824 2954 ¹quast
852 2854 1116 2948 descendere,
1131 2855 1258 2960 ¹sacili
1280 2884 1349 2934 ne·

274 2958 389 3054 gotio
417 2981 626 3055 queamus.
682 2959 848 3036 Cultum
866 2975 1001 3032 autem
1022 2960 1179 3060 ingenii
1202 2961 1252 3034 iis
1273 2961 1353 3060 'tri-

196 3125 197 3131 ,
274 3054 461 3148 buinrus,
491 3060 561 3156 qui
575 3063 740 3134 Patrum
763 3060 878 3134 libris
900 3060 1002 3133 bene
1025 3064 1087 3134 uti
1107 3059 1351 3150 didicerunt,

275 3157 324 3232 ab
354 3161 474 3235 omni
496 3185 640 3237 eorum
658 3159 783 3244 abusu
810 3161 1073 3250 abhorrentes
1090 3163 1139 3258 *).
1269 3263 1271 3272 Ι
1302 3245 1304 3254 ,

308 3415 339 3488 ⁸)
364 3415 477 3478 „Abuti
507 3415 635 3472 Patribus
667 3429 695 3472 et
727 3415 776 3472 illi
810 3416 940 3472 censendi
968 3417 1050 3479 sunt,
1084 3417 1136 3491 qui
1161 3415 1353 3476 ostentationis

361 3487 449 3538 caussa
466 3503 563 3539 eorum
582 3487 634 3539 scri
655 3499 682 3542 ta
699 3485 815 3561 legunt,
842 3487 888 3540 seu
906 3501 938 3539 ut
957 3485 1089 3560 quaedam
1108 3485 1175 3540 inde
1194 3489 1351 3554 corradant,

359 3553 464 3678 daim
484 3557 621 3608 sermones
666 3573 736 3619 crot,
756 3573 826 3632 quos
843 3555 878 3608 ad
895 3554 1036 3634 populum
1050 3553 1165 3632 habant,
1177 3571 1353 3628 [exornenw

388 3641 514 3680 nunaut
531 3623 558 3710 ¹⁴,
570 3643 595 3682 c.
618 3641 648 3702 p.
665 3631 725 3686 543.
800 3645 808 3714 Ι’

668 3863 670 3868 χ
739 3803 773 3895 ς.
828 3801 888 3876 63.
952 3791 954 3802 ’
1032 3787 1039 3830 '·

344 4053 348 4064 ¹
400 3919 690 4066 &scientiae
719 3987 766 4030 ac
796 3963 1027 4030 doctrinae
1051 3969 1221 4054 copiae.
1291 4060 1295 4071 ι

371 4127 596 4201 Neminem
629 4123 712 4202 stne
738 4125 885 4226 peritia
912 4103 1164 4227 linguarum,
1202 4127 1352 4226 quibus

268 4229 314 4304 in
333 4227 549 4302 scribendo
565 4232 701 4318 Patres
720 4225 784 4324 ¹ufi
808 4225 920 4318 sunt,
948 4227 993 4304 in
1013 4254 1157 4304 eorum
1183 4228 1355 4328 scripto-

266 4324 362 4406 rum
405 4330 583 4404 lectione
629 4343 671 4403 et
706 4328 1042 4431 interpretatione
1078 4329 1157 4404 rite
1198 4327 1354 4414 versari

1053 4441 1061 4472 Ι
