2898 5008
172 337 174 348 Ι
247 393 413 473 Pausi,
468 391 591 477 Seor·
618 389 667 472 ΙΙ,
721 389 821 466 Car.
849 391 880 465 1.
932 385 1049 481 §.tt
1142 389 1223 504 ³7·

187 570 256 645 logi
272 568 439 644 compoliti,
467 585 590 642 quorum
633 585 763 638 ermagru
787 566 850 622 leue
866 564 941 639 apud
959 564 1071 619 Veteres
1094 579 1120 618 at
1138 565 1189 617 lle-

169 650 173 660 ‘
194 639 352 697 eeutiores.
378 637 492 710 etqui,
511 653 544 690 ut
562 587 661 692 stain
679 650 792 700 monet,
818 634 931 688 caeteris
949 631 1082 692 omuibus
1101 631 1190 704 Chry·

194 707 306 765 sostomi
331 703 414 760 libris
439 719 467 758 et
491 703 555 778 styli
580 703 751 764 sublimitate
783 717 810 758 et
828 701 996 756 elocutionis
1022 701 1189 755 amoenitate

195 791 223 832 et
248 793 351 830 vocum
380 771 421 826 ele
441 773 515 826 antia
540 791 571 826 ac
586 771 761 843 jucupditate
780 770 970 836 antecelluut3
995 771 1188 822 Hutnonrtrrr

197 840 332 915 Epistola
351 791 445 912 (Lllg)
475 843 517 896 cci
533 841 762 906 Nepotianum,
791 839 901 894 devita
920 832 1037 898 Clericis
1063 837 1188 892 sectanda

195 928 224 967 et
240 907 373 980 Eprstolo
392 909 526 980 (LXIX)
552 911 594 963 ad
613 911 786 971 Oceanum,
814 927 868 982 qua
886 906 1050 982 disciplinae
1065 905 1188 960 ecclelia·

149 987 155 993 '
200 979 280 1050 sticae
299 978 450 1034 articulum
469 977 605 1052 disputat:
624 975 776 1054 Numquid
793 977 849 1038 vir,
870 975 997 1050 quiante
1012 974 1188 1049 baptismum

197 1048 334 1102 habuisset
352 1065 488 1110 uxorem,
514 1059 541 1100 et
558 1065 588 1100 ea
606 1061 733 1106 mortua,
752 1044 811 1120 post
827 1047 985 1119 susceptum
1002 1041 1204 1118 baptismum,
1246 1041 1248 1048 ’

200 1117 314 1170 alteram
334 1115 472 1178 drutillet,
491 1113 621 1188 bigamus
637 1113 700 1167 esset
716 1113 868 1176 diceudut,
887 1129 970 1186 etque
988 1110 1024 1165 ob
1046 1111 1078 1164 id
1092 1111 1186 1184 ipsum

198 1185 285 1240 creari
307 1185 462 1266 Episcoput
487 1182 551 1254 jure
573 1201 630 1237 non
653 1179 772 1256 pollit?;
798 1181 959 1235 Gnaeonu
982 1181 1094 1232 Mnour
1118 1179 1185 1234 Lib.

194 1250 354 1325 pastoralis
388 1270 496 1314 curae,
549 1251 579 1304 ui
603 1249 675 1304 olim
701 1251 772 1304 tanti
791 1249 956 1304 aestimatus
979 1248 1032 1309 est,
1067 1263 1098 1300 ut
1126 1265 1185 1316 non
1225 1295 1228 1304 Κ

195 1341 291 1392 graece
315 1319 401 1375 modo
418 1318 451 1375 ab
468 1271 620 1381 Anastasro,
641 1319 685 1373 sed
701 1333 728 1372 et
743 1319 876 1378 saxonice
890 1316 925 1370 ab
943 1315 1058 1370 Alsredo
1075 1313 1184 1388 Anglo·

195 1393 336 1444 Saxonum
359 1391 433 1463 Rege
461 1403 631 1456 verteretur;
663 1388 842 1440 Aucusrrur
871 1389 961 1441 'Frnct
982 1395 1031 1439 tus
1052 1386 1091 1459 de,
1110 1392 1184 1440 cote·

196 1459 348 1536 chizondip
371 1457 519 1520 rudibusr
563 1474 627 1510 orro
649 1453 736 1517 libri,
770 1455 821 1530 qui
845 1457 881 1509 de
909 1405 1005 1526 Cyciis
1027 1455 1184 1519 hestorum

123 1568 125 1578 .
146 1563 150 1571 t
190 1529 360 1600 'Pnsrlretos
377 1524 526 1601 conscripti
543 1477 625 1586 iuntr
642 1525 823 1578 Aruaunsrr
842 1524 896 1593 Ep.
911 1522 955 1576 ad
965 1523 1182 1586 Dracontium.

194 1597 369 1649 Errennnrr
391 1595 434 1650 od
455 1595 612 1651 Joonnem
631 1591 946 1666 Hierosolymitonum
964 1605 1016 1647 erc.

578 1755 614 1848 r.
666 1750 769 1854 a„

169 1873 207 1962 7)
239 1873 414 1963 Scripta
447 1875 682 1963 exegetica
711 1890 753 1938 et
780 1873 1121 1940 hcrme'neutica.

324 1971 328 1988 ’
359 1986 486 2041 vvnca
510 1984 589 2042 oter.
612 1977 729 2058 parrtsr.
762 1987 792 2056 a,
811 1989 938 2046 rc-er.

211 2091 271 2158 Ex
303 2111 380 2182 quo
422 2085 596 2158 historiae
636 2085 873 2184 evangelicae
915 2103 953 2158 et
986 2083 1180 2156 doctrinae

110 2183 327 2260 christianae
351 2188 515 2274 ,va-iras,
561 2189 788 2286 dogmatum
824 2205 951 2257 autem
984 2185 1179 2282 religionis

108 2285 325 2362 christianae
350 2306 454 2376 recta
477 2306 514 2362 et
533 2286 626 2381 justa
653 2287 833 2386 expositio
861 2315 880 2359 e
902 2289 1176 2382 Prophetarum

46 2417 50 2424 ’
108 2407 152 2460 et
172 2385 448 2486 Apostolorum
489 2389 632 2484 scriptis
665 2391 706 2460 in
738 2389 895 2460 dubium
928 2384 1179 2458 et'certanren

107 2510 267 2562 vocatae
300 2489 432 2577 ellent,
469 2491 517 2562 ad
549 2488 714 2562 studium
750 2516 902 2587 quoque
939 2489 1178 2587 exegeticrun

107 2597 267 2684 Petrum,
299 2591 494 2692 diligentia
529 2591 657 2664 edecta
691 2587 762 2662 est·
805 2587 1176 2662 Commentariorum
1260 2593 1266 2618 “

107 2711 146 2762 et
173 2699 430 2777 Tractatuum,
456 2715 636 2766 necnon
659 2689 880 2766 Veisronum
908 2710 945 2762 et
962 2691 1177 2783 Metaphra-

105 2791 221 2878 lium,
257 2795 393 2888 quibus
427 2795 543 2868 libros
571 2794 692 2866 sacros
726 2791 972 2878 illustrarent,
1008 2792 1097 2862 inde
1130 2792 1175 2859 ah
1227 2853 1230 2862 ,
1280 2803 1283 2810 ’

105 2895 277 2988 Origenis
305 2889 539 2992 temporibus
564 2921 686 2990 usque
713 2896 893 2966 adfinem
911 2893 1044 2976 Seculi,
1072 2893 1178 2991 quod

106 2998 260 3065 Petrum
293 2997 509 3067 auctoritati
542 2997 657 3068 finem
691 2993 891 3094 imposuit,
927 2995 1025 3064 bona
1066 2995 1176 3088 copia

107 3096 315 3194 conscripta
342 3094 392 3170 est
405 3096 458 3192 *l
514 3104 635 3194 Quam
668 3122 741 3168 nos
766 3093 947 3194 Exegesm
973 3095 1176 3190 practicam

104 3222 308 3285 vocamus,
354 3225 393 3269 ea
427 3203 628 3296 praecipue
662 3223 683 3269 a
715 3198 888 3270 Patribus
921 3197 1067 3268 exculta
1106 3189 1174 3278 est3

104 3298 233 3370 minus
271 3318 399 3372 autem
433 3301 695 3396 interpretatio
731 3299 778 3370 ad
811 3299 960 3369 literam
996 3309 1032 3368 et
1063 3294 1175 3367 histo-

104 3400 201 3485 riam
229 3399 317 3498 ipsu
357 3427 465 3472 curae
501 3402 683 3496 cordique
710 3401 786 3472 fuit
803 3395 874 3491 **).
907 3401 1013 3470 ‘Neo
1048 3395 1175 3468 defue-

104 3502 230 3584 lunt,'
250 3503 316 3597 qui
341 3503 653 3574 Hermeneuticae
683 3501 804 3575 sacrae
836 3519 1032 3598 praecepta
1057 3501 1175 3594 expli·

105 3603 222 3673 canda
257 3602 324 3674 libi
356 3599 650 3691 sunrerent***).
707 3603 863 3675 Criticae
897 3601 1016 3673 sacrae
1049 3626 1175 3694 neque

107 3707 219 3798 plane
258 3705 421 3790 oblitos,
461 3731 583 3798 neque
614 3705 656 3774 in
690 3727 733 3776 ea
768 3706 971 3775 exercenda
1013 3702 1173 3774 omniuo
1269 3769 1271 3776 ,

105 3805 218 3875 rudes
243 3805 350 3878 fuisse
376 3803 557 3878 Eccleliae
590 3807 743 3892 Patres,
780 3832 827 3876 ex
859 3805 1004 3902 scriptis
1040 3829 1174 3874 eorum

105 3906 191 3976 satis
220 3903 391 3992 constan„
419 3910 478 3980 sed
506 3933 641 4004 opera,
677 3933 840 4002 quorum
873 3908 1016 3977 l'unnna
1043 3906 1091 3976 ad
1116 3893 1175 3976 [οξ

89 4007 184 4078 'lam
218 4006 401 4078 criticam.
431 4009 630 4106 spectaret,
665 4008 691 4080 sr
725 4007 1093 4106 Origenisllexapla
1127 4008 1175 4079 iis
1255 4041 1258 4058 ·

103 4107 342 4179 adnumerari
367 4111 488 4195 nolis,
514 4137 595 4182 nou
620 4111 868 4205 reliquerunt,
933 4145 936 4152 ·
993 4113 996 4121 '
1260 4109 1263 4114 “

508 1719 511 1726 n

135 4281 162 4346 ⁸)
189 4275 231 4330 cf.
257 4277 282 4333 J.
303 4277 356 4333 Ga.
376 4278 612 4332 ttosrrnerren
636 4275 767 4343 Historia
793 4278 1049 4343 interpretationi·
1073 4281 1178 4336 Libro·

189 4366 259 4400 rum
287 4349 337 4404 SS.
364 4347 399 4402 iu*
423 4349 503 4404 Eccl.
531 4345 628 4416 chrtst.
661 4342 836 4420 Itildburgh.
863 4361 896 4432 «1η
912 4347 988 4428 Lips,
1015 4355 1177 4410 7‘95-815,
