2898 5008
270 331 324 408 26
581 333 725 406 Cen.
766 331 828 406 tv.
895 327 1018 433 §.42
1088 429 1092 444 ι

268 513 491 594 mabillonii
513 515 538 592 l.
558 540 587 592 c.
615 513 791 593 dicentisr
817 515 938 602 Unius
959 516 1081 597 etiam
1100 527 1138 595 ct
1168 517 1339 594 eiusdem

268 619 448 716 Auctoris
479 613 584 692 stilus
616 615 847 696 multifarius
882 619 1112 715 quandoque
1145 619 1339 718 dignoscis

267 737 352 805 tur;
377 720 418 790 in
444 719 571 814 aliquo
595 743 759 812 namque
782 718 975 798 interdum
1000 745 1133 818 opere,
1160 746 1234 816 qua
1264 723 1340 794 ele·

267 820 439 922 gantior,
482 844 602 916 quave
632 819 843 917 neglectior
875 827 1045 916 apparet,
1087 822 1337 920 quemadmo-
1431 857 1432 880 r

267 923 359 994 dum
376 921 417 996 in
433 927 587 996 Petrum
604 921 784 996 Homiliis
801 922 911 1018 saepe
931 939 1099 996 notatur.
1140 924 1337 998 Praeterea
1431 945 1432 996 t

265 1047 367 1098 unus
392 1021 568 1118 idemque
590 1023 736 1098 Auctor
758 1021 833 1102 iam
858 1039 979 1098 aetate
1011 1023 1208 1098 confectus
1231 1024 1336 1096 vide·
1431 1039 1432 1046 ’

266 1141 332 1198 tur
357 1122 535 1224 sibiipsi,
563 1148 649 1200 cum
673 1123 796 1198 adhuc
826 1123 956 1198 iunior
978 1121 1084 1212 asset,
1110 1126 1336 1223 'plerumque
1431 1117 1432 1136 ¹

266 1221 458 1297 dissimilis.
512 1224 612 1320 Quin
631 1224 711 1296 imo
729 1247 904 1324 magnae
922 1227 1113 1298 contrario
1130 1227 1170 1298 in
1189 1227 1333 1303 Aucto·
1431 1281 1432 1284 ,

190 1345 194 1352 ’
262 1352 350 1400 rum
372 1322 456 1398 stilo
483 1323 724 1406 uniformitas
756 1325 1022 1423 saepenumero
1055 1328 1238 1411 cernitur,
1266 1327 1334 1422 qui

263 1425 333 1502 tibi
355 1425 558 1520 synchroni
583 1425 775 1512 exhibere,
803 1428 909 1522 quod
934 1445 1058 1502 temen
1084 1425 1153 1498 nisi
1177 1445 1329 1499 maturo

264 1528 349 1624 quis
373 1525 489 1600 fuerit
511 1525 667 1625 ingenio
690 1529 905 1624 praeditus,
935 1527 1235 1624 scriptorumque
1263 1553 1330 1626 pe·

170 1651 172 1658 ’
261 1625 472 1714 ritissimus,
513 1653 620 1726 aegre
645 1630 861 1724 comperiet.
910 1630 1086 1724 Denique
1109 1631 1330 1702 Didascalo-

260 1755 349 1804 rum
363 1725 488 1800 stilum
508 1729 714 1824 discipulos
731 1730 778 1801 ad
800 1753 970 1828 unguem
989 1729 1097 1802 fuisse
1121 1731 1326 1822 aliquando

257 1829 452 1916 imitatos,
486 1829 650 1906 minime
686 1831 798 1918 litet,
832 1849 877 1919 ut
904 1831 1053 1927 linquet
1090 1831 1131 1901 in
1163 1831 1327 1906 Nicosao

262 1923 532 2106 Cslarqqqlerfi,
566 1932 632 2038 qui
657 1931 770 2008 iltum
791 1933 975 2010 Doctoris
1005 1932 1184 2009 melliflui
1211 1935 1329 2036 plane

259 2047 352 2109 eta
384 2050 541 2114 ¹acutus.
577 2065 581 2078 ·

360 2163 444 2234 XII.
497 2157 658 2255 Quando
680 2155 722 2230 in
747 2157 949 2246 (lodicibus
969 2155 1220 2233 vetustiffimis
1243 2159 1326 2234 aliis

258 2259 364 2334 acin
399 2259 601 2336 recentiori
624 2263 770 2336 Auctor
797 2259 1038 2359 praefigitur,
1079 2259 1326 2352 manifestum

164 2373 174 2382 ‘'
257 2357 308 2436 est
332 2357 602 2458 suppositionis
625 2361 824 2437 indicium.
875 2369 976 2436 Nam
1003 2363 1172 2434 eiusdem
1191 2363 1324 2458 Operis

160 2553 163 2556 Ι
254 2464 439 2537 Auctores
462 2479 581 2535 aetata
608 2463 707 2534 inter
727 2462 763 2534 se
781 2458 892 2537 diffiti
909 2461 975 2536 esse
990 2462 1271 2557 handpossunt.

355 2594 455 2662 XIIL
488 2587 664 2684 Denique
680 2590 846 2684 Regulae
870 2591 1065 2687 generales
1091 2589 1162 2660 rite
1187 2590 1324 2662 discer-

190 2697 192 2704 ‘
253 2689 372 2766 nendi
389 2690 532 2786 Scripta
550 2695 608 2764 SS.
628 2695 783 2764 Petrum
814 2686 975 2787 genuina
994 2715 1013 2762 a
1031 2689 1164 2787 spuriis
1191 2689 1299 2766 sunt:
1382 2735 1387 2742 ·

356 2809 395 2908 1)
424 2815 570 2889 Indices
597 2817 765 2911 Operum
795 2811 843 2892 ab
875 2804 960 2914 ipsts
981 2815 1206 2894 Auctoribus,
1238 2839 1320 2886 con-
1370 2853 1387 2872 ι

242 2910 397 3018 scripti,
424 2939 514 2993 cum
535 2917 678 2992 librum
701 2917 908 3012 quemdam
932 2941 1030 3015 opus
1051 2917 1208 2990 alicuius
1228 2920 1320 2989 Scri·

210 3073 212 3080 .
251 3013 376 3120 pteris
401 3016 652 3116 essepropria
679 3017 1161 3094 declaratioindubitatum
1177 3019 1321 3095 reddat·
1429 3053 1430 3102 ι

352 3121 396 3208 2)
421 3123 547 3195 critici
568 3121 670 3192 naris
697 3123 943 3195 emunctioris·

350 3219 392 3310 3)
418 3224 545 3296 Lectio
572 3235 608 3292 et
632 3223 875 3297 Exercitatio.

316 3346 422 3422 ‘His
445 3371 564 3444 porro
599 3345 720 3432 eddo,
763 3344 870 3442 quod
900 3343 1002 3424 fiex
1025 3348 1147 3420 allatis
1178 3347 1322 3446 regulis

120 3465 122 3470 ’
153 3471 156 3474 ·
249 3473 327 3522 una
350 3451 412 3522 vel
439 3451 552 3522 altera
575 3472 656 3520 non
681 3446 727 3518 sit
754 3443 934 3522 sufficiens
960 3441 1152 3523 criterium
1160 3475 1172 3534 3
1198 3449 1321 3548 pluri-

207 3545 209 3548 ’
248 3553 320 3624 bus
343 3569 473 3624 tomen
505 3547 818 3622 concurrentibus
845 3568 884 3622 et
907 3551 1102 3646 adplicatis
1120 3569 1224 3626 certo
1243 3547 1320 3622 cer·
1428 3545 1429 3570 ¹

249 3654 326 3726 tius
348 3675 483 3726 verum
500 3651 736 3734 inveniatur,
765 3669 876 3745 atque
900 3651 1074 3728 laudatus
1093 3658 1213 3732 Joan.
1229 3648 1319 3722 Mn·
1402 3651 1405 3658 “

248 3773 481 3829 cinnomus
500 3755 572 3823 ait:
607 3751 771 3837 „Tribus
782 3769 854 3828 ¹aut
870 3769 1035 3847 quatuor
1058 3753 1187 3825 modis
1211 3775 1318 3824 com-

195 3901 199 3908 ·
245 3857 362 3956 periri
385 3852 507 3953 posse,
545 3875 643 3924 num
671 3852 947 3948 opusaliquod
968 3853 1084 3926 huius
1110 3849 1155 3926 fit
1168 3855 1316 3952 potius,

235 3957 364 4056 'quam
381 3953 746 4038 alte1·iusA110toris;
772 3953 958 4032 nimirum
976 3979 1022 4025 ex
1031 3953 1314 4054 Manuscriptis,

224 4058 292 4134 ²'cu
323 4057 589 4130 uniformitate
628 4071 695 4126 aut
723 4053 936 4140 ¹diversitate
959 4055 1060 4142 stili,
1091 4051 1314 4153 praesertim

244 4183 337 4236 vero
353 4157 560 4232 Doctrinae
582 4179 625 4228 ac
642 4153 902 4254 Opinionumt
930 4181 977 4230 ex
1003 4175 1216 4244 ceterorum
1231 4153 1312 4224 Au-

183 4267 185 4276 '
244 4280 399 4340 crorum
421 4251 661 4344 testimonio«,
688 4257 872 4356 aquibus
894 4257 1041 4332 dictum
1057 4276 1156 4356 opus
1175 4253 1309 4330 inden·
1426 4263 1427 4354 q
