<?xml version="1.0" encoding="UTF-8"?>
<!DOCTYPE html PUBLIC "-//W3C//DTD XHTML 1.0 Transitional//EN"
    "http://www.w3.org/TR/xhtml1/DTD/xhtml1-transitional.dtd">
<html xmlns="http://www.w3.org/1999/xhtml" xml:lang="en" lang="en">
 <head>
  <title>
</title>
<meta http-equiv="Content-Type" content="text/html;charset=utf-8" />
  <meta name='ocr-system' content='tesseract 3.04.00' />
  <meta name='ocr-capabilities' content='ocr_page ocr_carea ocr_par ocr_line ocrx_word'/>
</head>
<body>
  <div class='ocr_page' id='page_1' title='image "./initiadoctrinae00danzgoog_0053.png"; bbox 0 0 2898 5008; ppageno 0'>
   <div class='ocr_carea' id='block_1_1' title="bbox 606 335 1131 493">
    <p class='ocr_par' dir='ltr' id='par_1_1' title="bbox 606 327 1131 493">
     <span class='ocr_line' id='line_1_1' title="bbox 606 335 1131 493; baseline -0.013 -21"><span class='ocrx_word' id='word_1_1' title='bbox 606 400 740 489; x_wconf 69' lang='lat' dir='ltr'><strong>rana</strong></span> <span class='ocrx_word' id='word_1_2' title='bbox 776 401 827 488; x_wconf 83' lang='lat' dir='ltr'><strong>u.</strong></span> <span class='ocrx_word' id='word_1_3' title='bbox 853 369 877 473; x_wconf 86' lang='grc'><strong>.’</strong></span> <span class='ocrx_word' id='word_1_4' title='bbox 897 405 933 493; x_wconf 65' lang='lat' dir='ltr'><strong>a.</strong></span> <span class='ocrx_word' id='word_1_5' title='bbox 967 335 1035 478; x_wconf 90' lang='grc'><strong>52</strong></span> <span class='ocrx_word' id='word_1_6' title='bbox 1064 395 1131 476; x_wconf 82' lang='lat'>53..</span> 
     </span>
    </p>
   </div>
   <div class='ocr_carea' id='block_1_2' title="bbox 633 616 1025 880">
    <p class='ocr_par' dir='ltr' id='par_1_2' title="bbox 633 616 1025 880">
     <span class='ocr_line' id='line_1_2' title="bbox 745 616 901 712; baseline -0.038 -15"><span class='ocrx_word' id='word_1_7' title='bbox 745 623 778 712; x_wconf 53' lang='lat'><strong>§2</strong></span> <span class='ocrx_word' id='word_1_8' title='bbox 840 616 901 697; x_wconf 75' lang='lat'><strong>52.</strong></span> 
     </span>
     <span class='ocr_line' id='line_1_3' title="bbox 633 723 1025 880; baseline 0.005 -39"><span class='ocrx_word' id='word_1_9' title='bbox 633 809 681 824; x_wconf 89' lang='lat'>-</span> <span class='ocrx_word' id='word_1_10' title='bbox 723 776 776 841; x_wconf 82' lang='lat' dir='ltr'><strong>in</strong></span> <span class='ocrx_word' id='word_1_11' title='bbox 810 723 1025 880; x_wconf 64' lang='lat' dir='ltr'><strong>specie.</strong></span> 
     </span>
    </p>
   </div>
   <div class='ocr_carea' id='block_1_3' title="bbox 201 920 1429 2254">
    <p class='ocr_par' dir='ltr' id='par_1_3' title="bbox 201 920 1429 2254">
     <span class='ocr_line' id='line_1_4' title="bbox 390 920 1429 1024; baseline -0.002 -29"><span class='ocrx_word' id='word_1_12' title='bbox 390 922 449 995; x_wconf 84' lang='lat' dir='ltr'><strong>Ad</strong></span> <span class='ocrx_word' id='word_1_13' title='bbox 479 945 612 996; x_wconf 87' lang='lat' dir='ltr'><strong>omnes</strong></span> <span class='ocrx_word' id='word_1_14' title='bbox 637 940 764 995; x_wconf 87' lang='lat' dir='ltr'><strong>autem</strong></span> <span class='ocrx_word' id='word_1_15' title='bbox 789 923 1010 1021; x_wconf 84' lang='lat' dir='ltr'>theologiae</span> <span class='ocrx_word' id='word_1_16' title='bbox 1033 920 1250 996; x_wconf 84' lang='lat' dir='ltr'><strong>christianae</strong></span> <span class='ocrx_word' id='word_1_17' title='bbox 1273 945 1367 1021; x_wconf 90' lang='lat' dir='ltr'><strong>par·</strong></span> <span class='ocrx_word' id='word_1_18' title='bbox 1428 977 1429 1024; x_wconf 60' lang='lat'>3</span> 
     </span>
     <span class='ocr_line' id='line_1_5' title="bbox 288 1019 1429 1122; baseline -0.004 -24"><span class='ocrx_word' id='word_1_19' title='bbox 288 1043 367 1112; x_wconf 85' lang='lat' dir='ltr'><strong>tes,</strong></span> <span class='ocrx_word' id='word_1_20' title='bbox 395 1021 600 1120; x_wconf 87' lang='lat' dir='ltr'><strong>fipenitus</strong></span> <span class='ocrx_word' id='word_1_21' title='bbox 626 1025 798 1122; x_wconf 81' lang='lat' dir='ltr'><strong>cognitas</strong></span> <span class='ocrx_word' id='word_1_22' title='bbox 824 1049 883 1096; x_wconf 89' lang='lat' dir='ltr'><strong>eas</strong></span> <span class='ocrx_word' id='word_1_23' title='bbox 909 1025 1047 1097; x_wconf 89' lang='lat' dir='ltr'><strong>habere</strong></span> <span class='ocrx_word' id='word_1_24' title='bbox 1072 1019 1246 1111; x_wconf 81' lang='lat' dir='ltr'><strong>velimus,</strong></span> <span class='ocrx_word' id='word_1_25' title='bbox 1279 1051 1367 1120; x_wconf 90' lang='lat' dir='ltr'><strong>per·</strong></span> <span class='ocrx_word' id='word_1_26' title='bbox 1428 1099 1429 1102; x_wconf 46' lang='lat'>,</span> 
     </span>
     <span class='ocr_line' id='line_1_6' title="bbox 285 1122 1429 1204; baseline -0.002 -7"><span class='ocrx_word' id='word_1_27' title='bbox 285 1125 383 1204; x_wconf 85' lang='lat' dir='ltr'><strong>tinet</strong></span> <span class='ocrx_word' id='word_1_28' title='bbox 430 1127 587 1198; x_wconf 82' lang='lat' dir='ltr'><strong>Petrum</strong></span> <span class='ocrx_word' id='word_1_29' title='bbox 632 1122 956 1198; x_wconf 77' lang='lat' dir='ltr'><strong>ecclesiasticorum</strong></span> <span class='ocrx_word' id='word_1_30' title='bbox 1005 1123 1182 1198; x_wconf 89' lang='lat' dir='ltr'><strong>studium.</strong></span> <span class='ocrx_word' id='word_1_31' title='bbox 1257 1127 1369 1197; x_wconf 80' lang='lat' dir='ltr'><strong>Ante</strong></span> <span class='ocrx_word' id='word_1_32' title='bbox 1428 1127 1429 1182; x_wconf 70' lang='lat' dir='ltr'><strong>i</strong></span> 
     </span>
     <span class='ocr_line' id='line_1_7' title="bbox 286 1223 1362 1324; baseline -0.003 -24"><span class='ocrx_word' id='word_1_33' title='bbox 286 1227 420 1300; x_wconf 92' lang='lat' dir='ltr'><strong>omnia</strong></span> <span class='ocrx_word' id='word_1_34' title='bbox 452 1226 606 1300; x_wconf 90' lang='lat' dir='ltr'><strong>inservit</strong></span> <span class='ocrx_word' id='word_1_35' title='bbox 630 1223 806 1298; x_wconf 81' lang='lat' dir='ltr'>historiae</span> <span class='ocrx_word' id='word_1_36' title='bbox 833 1244 871 1298; x_wconf 90' lang='lat' dir='ltr'><strong>et</strong></span> <span class='ocrx_word' id='word_1_37' title='bbox 896 1229 1165 1324; x_wconf 86' lang='lat' dir='ltr'><strong>antiquitatum</strong></span> <span class='ocrx_word' id='word_1_38' title='bbox 1191 1225 1362 1302; x_wconf 76' lang='lat' dir='ltr'><strong>ecclesia·</strong></span> 
     </span>
     <span class='ocr_line' id='line_1_8' title="bbox 284 1325 1362 1426; baseline -0.004 -24"><span class='ocrx_word' id='word_1_39' title='bbox 284 1327 461 1402; x_wconf 83' lang='lat' dir='ltr'><strong>sticarum</strong></span> <span class='ocrx_word' id='word_1_40' title='bbox 503 1325 647 1412; x_wconf 79' lang='lat' dir='ltr'><strong>studi03</strong></span> <span class='ocrx_word' id='word_1_41' title='bbox 697 1327 835 1398; x_wconf 91' lang='lat' dir='ltr'><strong>deinde</strong></span> <span class='ocrx_word' id='word_1_42' title='bbox 877 1353 972 1399; x_wconf 85' lang='lat' dir='ltr'><strong>vero</strong></span> <span class='ocrx_word' id='word_1_43' title='bbox 1008 1351 1190 1426; x_wconf 81' lang='lat' dir='ltr'><strong>magnum</strong></span> <span class='ocrx_word' id='word_1_44' title='bbox 1233 1326 1362 1400; x_wconf 81' lang='lat' dir='ltr'><strong>adfert</strong></span> 
     </span>
     <span class='ocr_line' id='line_1_9' title="bbox 201 1425 1359 1528; baseline 0.004 -33"><span class='ocrx_word' id='word_1_45' title='bbox 201 1483 205 1495; x_wconf 83' lang='lat'><em>.</em></span> <span class='ocrx_word' id='word_1_46' title='bbox 236 1435 250 1492; x_wconf 87' lang='grc'><strong>.’</strong></span> <span class='ocrx_word' id='word_1_47' title='bbox 282 1429 395 1500; x_wconf 91' lang='lat' dir='ltr'><strong>usum</strong></span> <span class='ocrx_word' id='word_1_48' title='bbox 423 1429 601 1528; x_wconf 79' lang='lat' dir='ltr'>dogmata</span> <span class='ocrx_word' id='word_1_49' title='bbox 627 1425 820 1501; x_wconf 90' lang='lat' dir='ltr'><strong>christiana</strong></span> <span class='ocrx_word' id='word_1_50' title='bbox 848 1430 1120 1525; x_wconf 78' lang='lat' dir='ltr'>explicantibus</span> <span class='ocrx_word' id='word_1_51' title='bbox 1146 1455 1359 1524; x_wconf 88' lang='lat' dir='ltr'><strong>eorumque</strong></span> 
     </span>
     <span class='ocr_line' id='line_1_10' title="bbox 281 1527 1360 1628; baseline -0.006 -22"><span class='ocrx_word' id='word_1_52' title='bbox 281 1527 479 1606; x_wconf 83' lang='lat' dir='ltr'><strong>historiam</strong></span> <span class='ocrx_word' id='word_1_53' title='bbox 525 1531 855 1626; x_wconf 81' lang='lat' dir='ltr'><strong>percontantibus3</strong></span> <span class='ocrx_word' id='word_1_54' title='bbox 905 1547 992 1602; x_wconf 89' lang='lat' dir='ltr'><strong>tum</strong></span> <span class='ocrx_word' id='word_1_55' title='bbox 1041 1550 1167 1602; x_wconf 90' lang='lat' dir='ltr'><strong>autem</strong></span> <span class='ocrx_word' id='word_1_56' title='bbox 1217 1531 1360 1628; x_wconf 84' lang='lat' dir='ltr'><strong>insigni</strong></span> 
     </span>
     <span class='ocr_line' id='line_1_11' title="bbox 280 1628 1359 1732; baseline -0.002 -29"><span class='ocrx_word' id='word_1_57' title='bbox 280 1629 464 1732; x_wconf 81' lang='lat' dir='ltr'><strong>praesidio</strong></span> <span class='ocrx_word' id='word_1_58' title='bbox 491 1628 624 1717; x_wconf 84' lang='lat' dir='ltr'><strong>estiis,</strong></span> <span class='ocrx_word' id='word_1_59' title='bbox 651 1631 718 1728; x_wconf 90' lang='lat' dir='ltr'><strong>qui</strong></span> <span class='ocrx_word' id='word_1_60' title='bbox 738 1631 779 1701; x_wconf 93' lang='lat' dir='ltr'><strong>in</strong></span> <span class='ocrx_word' id='word_1_61' title='bbox 804 1631 985 1704; x_wconf 84' lang='lat' dir='ltr'><strong>doctrinis</strong></span> <span class='ocrx_word' id='word_1_62' title='bbox 1013 1649 1050 1703; x_wconf 90' lang='lat' dir='ltr'><strong>et</strong></span> <span class='ocrx_word' id='word_1_63' title='bbox 1077 1633 1211 1702; x_wconf 87' lang='lat' dir='ltr'><strong>ritibus</strong></span> <span class='ocrx_word' id='word_1_64' title='bbox 1228 1633 1359 1704; x_wconf 89' lang='lat' dir='ltr'><strong>Eccle-</strong></span> 
     </span>
     <span class='ocr_line' id='line_1_12' title="bbox 266 1729 1357 1839; baseline -0.007 -31"><span class='ocrx_word' id='word_1_65' title='bbox 266 1732 352 1839; x_wconf 85' lang='lat' dir='ltr'><strong>¹fiae</strong></span> <span class='ocrx_word' id='word_1_66' title='bbox 377 1729 525 1804; x_wconf 86' lang='lat' dir='ltr'><strong>nostrae</strong></span> <span class='ocrx_word' id='word_1_67' title='bbox 552 1731 795 1805; x_wconf 85' lang='lat' dir='ltr'><strong>defendendis</strong></span> <span class='ocrx_word' id='word_1_68' title='bbox 822 1755 977 1829; x_wconf 83' lang='lat' dir='ltr'><strong>operam</strong></span> <span class='ocrx_word' id='word_1_69' title='bbox 993 1733 1238 1827; x_wconf 81' lang='lat' dir='ltr'>laboremque</span> <span class='ocrx_word' id='word_1_70' title='bbox 1261 1756 1357 1804; x_wconf 92' lang='lat' dir='ltr'><strong>con-</strong></span> 
     </span>
     <span class='ocr_line' id='line_1_13' title="bbox 279 1829 1356 1931; baseline 0 -25"><span class='ocrx_word' id='word_1_71' title='bbox 279 1833 457 1917; x_wconf 82' lang='lat' dir='ltr'><strong>sumunt3</strong></span> <span class='ocrx_word' id='word_1_72' title='bbox 482 1829 610 1931; x_wconf 88' lang='lat' dir='ltr'><strong>postea</strong></span> <span class='ocrx_word' id='word_1_73' title='bbox 637 1859 660 1906; x_wconf 95' lang='lat' dir='ltr'><strong>o</strong></span> <span class='ocrx_word' id='word_1_74' title='bbox 690 1833 847 1904; x_wconf 88' lang='lat' dir='ltr'><strong>itulatur</strong></span> <span class='ocrx_word' id='word_1_75' title='bbox 871 1834 1138 1929; x_wconf 67' lang='lat' dir='ltr'><strong>interpretibus</strong></span> <span class='ocrx_word' id='word_1_76' title='bbox 1163 1835 1356 1906; x_wconf 89' lang='lat' dir='ltr'><strong>librorum</strong></span> 
     </span>
     <span class='ocr_line' id='line_1_14' title="bbox 278 1857 1355 2038; baseline 0.001 -31"><span class='ocrx_word' id='word_1_77' title='bbox 278 1935 492 2022; x_wconf 86' lang='lat' dir='ltr'><strong>sacrorum,</strong></span> <span class='ocrx_word' id='word_1_78' title='bbox 528 1951 565 2008; x_wconf 88' lang='lat' dir='ltr'><strong>et</strong></span> <span class='ocrx_word' id='word_1_79' title='bbox 592 1857 785 2031; x_wconf 78' lang='lat' dir='ltr'><strong>posiiemo</strong></span> <span class='ocrx_word' id='word_1_80' title='bbox 820 1933 990 2006; x_wconf 65' lang='lat' dir='ltr'><strong>nstritmn</strong></span> <span class='ocrx_word' id='word_1_81' title='bbox 1017 1934 1166 2038; x_wconf 78' lang='lat' dir='ltr'><strong>confert</strong></span> <span class='ocrx_word' id='word_1_82' title='bbox 1192 1937 1239 2006; x_wconf 91' lang='lat' dir='ltr'><strong>ad</strong></span> <span class='ocrx_word' id='word_1_83' title='bbox 1269 1962 1355 2008; x_wconf 85' lang='lat' dir='ltr'><strong>ora-</strong></span> 
     </span>
     <span class='ocr_line' id='line_1_15' title="bbox 278 2035 1355 2134; baseline 0 -24"><span class='ocrx_word' id='word_1_84' title='bbox 278 2035 374 2110; x_wconf 82' lang='lat' dir='ltr'><strong>toris</strong></span> <span class='ocrx_word' id='word_1_85' title='bbox 409 2035 499 2108; x_wconf 88' lang='lat' dir='ltr'><strong>sacri</strong></span> <span class='ocrx_word' id='word_1_86' title='bbox 533 2035 731 2134; x_wconf 84' lang='lat' dir='ltr'><strong>ingenium</strong></span> <span class='ocrx_word' id='word_1_87' title='bbox 762 2037 1010 2108; x_wconf 87' lang='lat' dir='ltr'><strong>excolendum</strong></span> <span class='ocrx_word' id='word_1_88' title='bbox 1036 2054 1073 2109; x_wconf 94' lang='lat' dir='ltr'><strong>et</strong></span> <span class='ocrx_word' id='word_1_89' title='bbox 1098 2055 1271 2110; x_wconf 85' lang='lat' dir='ltr'><strong>mentem</strong></span> <span class='ocrx_word' id='word_1_90' title='bbox 1298 2058 1355 2112; x_wconf 89' lang='lat' dir='ltr'><strong>at·</strong></span> 
     </span>
     <span class='ocr_line' id='line_1_16' title="bbox 277 2121 1326 2254; baseline 0.005 -43"><span class='ocrx_word' id='word_1_91' title='bbox 277 2161 355 2238; x_wconf 87' lang='lat' dir='ltr'><strong>que</strong></span> <span class='ocrx_word' id='word_1_92' title='bbox 381 2137 552 2254; x_wconf 77' lang='lat' dir='ltr'><strong>animum</strong></span> <span class='ocrx_word' id='word_1_93' title='bbox 575 2133 734 2236; x_wconf 82' lang='lat' dir='ltr'><strong>pastoris</strong></span> <span class='ocrx_word' id='word_1_94' title='bbox 760 2121 968 2236; x_wconf 68' lang='lat' dir='ltr'><strong>e&#39;vangelici</strong></span> <span class='ocrx_word' id='word_1_95' title='bbox 992 2136 1326 2216; x_wconf 83' lang='lat' dir='ltr'><strong>conformandum.</strong></span> 
     </span>
    </p>
   </div>
   <div class='ocr_carea' id='block_1_4' title="bbox 741 2355 891 2440">
    <p class='ocr_par' dir='ltr' id='par_1_4' title="bbox 741 2355 891 2440">
     <span class='ocr_line' id='line_1_17' title="bbox 741 2355 891 2440; baseline -0.033 -9"><span class='ocrx_word' id='word_1_96' title='bbox 741 2355 787 2440; x_wconf 66' lang='lat'><strong>§.,</strong></span> <span class='ocrx_word' id='word_1_97' title='bbox 831 2355 891 2431; x_wconf 81' lang='lat'><strong>53.</strong></span> 
     </span>
    </p>
   </div>
   <div class='ocr_carea' id='block_1_5' title="bbox 274 2497 1348 2750">
    <p class='ocr_par' dir='ltr' id='par_1_5' title="bbox 274 2497 1348 2750">
     <span class='ocr_line' id='line_1_18' title="bbox 274 2497 1348 2612; baseline 0 -29"><span class='ocrx_word' id='word_1_98' title='bbox 274 2514 479 2583; x_wconf 77' lang='lat' dir='ltr'><strong><em>Fructus</em></strong></span> <span class='ocrx_word' id='word_1_99' title='bbox 519 2499 817 2608; x_wconf 77' lang='lat' dir='ltr'><strong>aristodium</strong></span> <span class='ocrx_word' id='word_1_100' title='bbox 855 2497 1083 2602; x_wconf 77' lang='lat' dir='ltr'><strong>historiae</strong></span> <span class='ocrx_word' id='word_1_101' title='bbox 1115 2503 1348 2612; x_wconf 80' lang='lat' dir='ltr'><strong>ecclcsia-</strong></span> 
     </span>
     <span class='ocr_line' id='line_1_19' title="bbox 543 2625 1068 2750; baseline -0.002 -42"><span class='ocrx_word' id='word_1_102' title='bbox 543 2625 695 2750; x_wconf 72' lang='lat' dir='ltr'><strong>sticoe</strong></span> <span class='ocrx_word' id='word_1_103' title='bbox 735 2630 1068 2708; x_wconf 77' lang='lat' dir='ltr'><strong>redundantes·</strong></span> 
     </span>
    </p>
   </div>
   <div class='ocr_carea' id='block_1_6' title="bbox 146 2777 1385 4412">
    <p class='ocr_par' dir='ltr' id='par_1_6' title="bbox 270 2777 1385 3088">
     <span class='ocr_line' id='line_1_20' title="bbox 374 2777 1385 2888; baseline 0.001 -29"><span class='ocrx_word' id='word_1_104' title='bbox 374 2787 531 2888; x_wconf 79' lang='lat' dir='ltr'><strong>Patrum</strong></span> <span class='ocrx_word' id='word_1_105' title='bbox 560 2783 742 2858; x_wconf 77' lang='lat' dir='ltr'><strong>Ecclesiae</strong></span> <span class='ocrx_word' id='word_1_106' title='bbox 776 2784 910 2880; x_wconf 82' lang='lat' dir='ltr'><strong>scripta</strong></span> <span class='ocrx_word' id='word_1_107' title='bbox 942 2783 1071 2858; x_wconf 85' lang='lat' dir='ltr'><strong>fontes</strong></span> <span class='ocrx_word' id='word_1_108' title='bbox 1105 2785 1192 2858; x_wconf 91' lang='lat' dir='ltr'><strong>sunt</strong></span> <span class='ocrx_word' id='word_1_109' title='bbox 1217 2789 1341 2888; x_wconf 91' lang='lat' dir='ltr'><strong>limpi·</strong></span> <span class='ocrx_word' id='word_1_110' title='bbox 1381 2777 1385 2786; x_wconf 55' lang='grc'><strong>’</strong></span> 
     </span>
     <span class='ocr_line' id='line_1_21' title="bbox 273 2885 1343 2983; baseline 0.001 -21"><span class='ocrx_word' id='word_1_111' title='bbox 273 2885 428 2974; x_wconf 76' lang='lat' dir='ltr'><strong>diffini,</strong></span> <span class='ocrx_word' id='word_1_112' title='bbox 466 2913 512 2960; x_wconf 85' lang='lat' dir='ltr'><strong>ex</strong></span> <span class='ocrx_word' id='word_1_113' title='bbox 544 2887 681 2982; x_wconf 88' lang='lat' dir='ltr'><strong>quibus</strong></span> <span class='ocrx_word' id='word_1_114' title='bbox 714 2887 894 2960; x_wconf 90' lang='lat' dir='ltr'><strong>notitiam</strong></span> <span class='ocrx_word' id='word_1_115' title='bbox 921 2888 1155 2983; x_wconf 85' lang='lat' dir='ltr'><strong>antiquitatis</strong></span> <span class='ocrx_word' id='word_1_116' title='bbox 1183 2889 1343 2964; x_wconf 87' lang='lat' dir='ltr'><strong>christia·</strong></span> 
     </span>
     <span class='ocr_line' id='line_1_22' title="bbox 270 2989 1346 3088; baseline -0.002 -22"><span class='ocrx_word' id='word_1_117' title='bbox 270 3015 343 3066; x_wconf 86' lang='lat' dir='ltr'><strong>nae</strong></span> <span class='ocrx_word' id='word_1_118' title='bbox 367 2989 607 3062; x_wconf 81' lang='lat' dir='ltr'><strong>hauriamus:</strong></span> <span class='ocrx_word' id='word_1_119' title='bbox 634 3005 775 3088; x_wconf 77' lang='lat' dir='ltr'><strong>&#39;augent</strong></span> <span class='ocrx_word' id='word_1_120' title='bbox 797 2989 922 3062; x_wconf 85' lang='lat' dir='ltr'><strong>variae</strong></span> <span class='ocrx_word' id='word_1_121' title='bbox 956 2989 1148 3062; x_wconf 84' lang='lat' dir='ltr'><strong>doctrinae</strong></span> <span class='ocrx_word' id='word_1_122' title='bbox 1174 3010 1211 3064; x_wconf 90' lang='lat' dir='ltr'><strong>et</strong></span> <span class='ocrx_word' id='word_1_123' title='bbox 1233 2993 1346 3064; x_wconf 87' lang='lat' dir='ltr'><strong>scien·</strong></span> 
     </span>
    </p>

    <p class='ocr_par' dir='ltr' id='par_1_7' title="bbox 197 3089 1346 3384">
     <span class='ocr_line' id='line_1_23' title="bbox 197 3089 1344 3188; baseline 0.002 -23"><span class='ocrx_word' id='word_1_124' title='bbox 197 3101 200 3106; x_wconf 83' lang='lat'>&#39;</span> <span class='ocrx_word' id='word_1_125' title='bbox 269 3094 348 3166; x_wconf 85' lang='lat' dir='ltr'><strong>tiae</strong></span> <span class='ocrx_word' id='word_1_126' title='bbox 389 3092 537 3188; x_wconf 88' lang='lat' dir='ltr'><strong>copias,</strong></span> <span class='ocrx_word' id='word_1_127' title='bbox 580 3101 704 3188; x_wconf 84' lang='lat' dir='ltr'><strong>atque·</strong></span> <span class='ocrx_word' id='word_1_128' title='bbox 725 3089 958 3186; x_wconf 86' lang='lat' dir='ltr'><strong>antiquitatis</strong></span> <span class='ocrx_word' id='word_1_129' title='bbox 991 3113 1132 3186; x_wconf 86' lang='lat' dir='ltr'><strong>penus,</strong></span> <span class='ocrx_word' id='word_1_130' title='bbox 1165 3093 1269 3165; x_wconf 87' lang='lat' dir='ltr'><strong>unde</strong></span> <span class='ocrx_word' id='word_1_131' title='bbox 1297 3096 1344 3168; x_wconf 90' lang='lat' dir='ltr'><strong>ab</strong></span> 
     </span>
     <span class='ocr_line' id='line_1_24' title="bbox 203 3189 1346 3287; baseline -0.001 -18"><span class='ocrx_word' id='word_1_132' title='bbox 203 3226 206 3234; x_wconf 92' lang='lat'>·</span> <span class='ocrx_word' id='word_1_133' title='bbox 271 3193 382 3269; x_wconf 90' lang='lat' dir='ltr'><strong>omni</strong></span> <span class='ocrx_word' id='word_1_134' title='bbox 420 3210 591 3287; x_wconf 88' lang='lat' dir='ltr'><strong>tempore</strong></span> <span class='ocrx_word' id='word_1_135' title='bbox 624 3191 862 3264; x_wconf 87' lang='lat' dir='ltr'><strong>eruditorum</strong></span> <span class='ocrx_word' id='word_1_136' title='bbox 893 3189 1099 3266; x_wconf 90' lang='lat' dir='ltr'><strong>hominum</strong></span> <span class='ocrx_word' id='word_1_137' title='bbox 1132 3191 1262 3266; x_wconf 90' lang='lat' dir='ltr'><strong>scrinia</strong></span> <span class='ocrx_word' id='word_1_138' title='bbox 1290 3196 1346 3268; x_wconf 91' lang='lat' dir='ltr'><strong>di·</strong></span> 
     </span>
     <span class='ocr_line' id='line_1_25' title="bbox 270 3289 1345 3384; baseline 0.002 -16"><span class='ocrx_word' id='word_1_139' title='bbox 270 3315 349 3368; x_wconf 92' lang='lat' dir='ltr'><strong>tata</strong></span> <span class='ocrx_word' id='word_1_140' title='bbox 366 3292 520 3384; x_wconf 51' lang='lat' dir='ltr'><strong>suncti.</strong></span> <span class='ocrx_word' id='word_1_141' title='bbox 565 3299 712 3366; x_wconf 88' lang='lat' dir='ltr'><strong>Eorum</strong></span> <span class='ocrx_word' id='word_1_142' title='bbox 728 3289 850 3363; x_wconf 89' lang='lat' dir='ltr'><strong>studio</strong></span> <span class='ocrx_word' id='word_1_143' title='bbox 879 3293 1053 3366; x_wconf 88' lang='lat' dir='ltr'><strong>ducimur</strong></span> <span class='ocrx_word' id='word_1_144' title='bbox 1079 3294 1126 3364; x_wconf 89' lang='lat' dir='ltr'><strong>ad</strong></span> <span class='ocrx_word' id='word_1_145' title='bbox 1151 3295 1345 3372; x_wconf 88' lang='lat' dir='ltr'><strong>scientiam</strong></span> 
     </span>
    </p>

    <p class='ocr_par' dir='ltr' id='par_1_8' title="bbox 250 3393 1344 3794">
     <span class='ocr_line' id='line_1_26' title="bbox 270 3393 1343 3494; baseline 0 -25"><span class='ocrx_word' id='word_1_146' title='bbox 270 3415 311 3474; x_wconf 86' lang='lat' dir='ltr'><strong>et</strong></span> <span class='ocrx_word' id='word_1_147' title='bbox 345 3396 605 3494; x_wconf 83' lang='lat' dir='ltr'><strong>cognitionem</strong></span> <span class='ocrx_word' id='word_1_148' title='bbox 639 3393 897 3487; x_wconf 88' lang='lat' dir='ltr'><strong>cujuscunque</strong></span> <span class='ocrx_word' id='word_1_149' title='bbox 930 3393 1162 3468; x_wconf 88' lang='lat' dir='ltr'><strong>conditionis</strong></span> <span class='ocrx_word' id='word_1_150' title='bbox 1198 3415 1235 3468; x_wconf 89' lang='lat' dir='ltr'><strong>et</strong></span> <span class='ocrx_word' id='word_1_151' title='bbox 1263 3395 1343 3470; x_wconf 87' lang='lat' dir='ltr'><strong>for·</strong></span> 
     </span>
     <span class='ocr_line' id='line_1_27' title="bbox 250 3493 1344 3593; baseline 0.002 -23"><span class='ocrx_word' id='word_1_152' title='bbox 250 3517 387 3576; x_wconf 22' lang='lat' dir='ltr'><strong>&#39;tunae</strong></span> <span class='ocrx_word' id='word_1_153' title='bbox 428 3497 482 3568; x_wconf 85' lang='lat' dir='ltr'><strong>rei</strong></span> <span class='ocrx_word' id='word_1_154' title='bbox 528 3493 703 3593; x_wconf 85' lang='lat' dir='ltr'><strong>publicae</strong></span> <span class='ocrx_word' id='word_1_155' title='bbox 751 3511 789 3567; x_wconf 89' lang='lat' dir='ltr'><strong>et</strong></span> <span class='ocrx_word' id='word_1_156' title='bbox 835 3495 1002 3591; x_wconf 85' lang='lat' dir='ltr'><strong>privatae</strong></span> <span class='ocrx_word' id='word_1_157' title='bbox 1037 3493 1344 3584; x_wconf 61' lang='lat' dir='ltr'><strong>&#39;Christianorum</strong></span> 
     </span>
     <span class='ocr_line' id='line_1_28' title="bbox 270 3594 1342 3682; baseline -0.002 -6"><span class='ocrx_word' id='word_1_158' title='bbox 270 3601 382 3676; x_wconf 89' lang='lat' dir='ltr'><strong>unice</strong></span> <span class='ocrx_word' id='word_1_159' title='bbox 421 3620 552 3673; x_wconf 88' lang='lat' dir='ltr'><strong>veram</strong></span> <span class='ocrx_word' id='word_1_160' title='bbox 584 3614 622 3669; x_wconf 89' lang='lat' dir='ltr'><strong>et</strong></span> <span class='ocrx_word' id='word_1_161' title='bbox 652 3594 830 3682; x_wconf 82' lang='lat' dir='ltr'><strong>sinceram</strong></span> <span class='ocrx_word' id='word_1_162' title='bbox 870 3615 908 3670; x_wconf 88' lang='lat' dir='ltr'><strong>et</strong></span> <span class='ocrx_word' id='word_1_163' title='bbox 948 3596 1113 3668; x_wconf 87' lang='lat' dir='ltr'><strong>maxime</strong></span> <span class='ocrx_word' id='word_1_164' title='bbox 1157 3599 1342 3674; x_wconf 87' lang='lat' dir='ltr'><strong>vividam.</strong></span> 
     </span>
     <span class='ocr_line' id='line_1_29' title="bbox 268 3679 1344 3794; baseline -0.004 -16"><span class='ocrx_word' id='word_1_165' title='bbox 268 3701 429 3786; x_wconf 86' lang='lat' dir='ltr'><strong>Omnia,</strong></span> <span class='ocrx_word' id='word_1_166' title='bbox 464 3721 560 3794; x_wconf 90' lang='lat' dir='ltr'><strong>quae</strong></span> <span class='ocrx_word' id='word_1_167' title='bbox 594 3679 643 3768; x_wconf 90' lang='lat' dir='ltr'><strong>ad</strong></span> <span class='ocrx_word' id='word_1_168' title='bbox 676 3698 865 3770; x_wconf 90' lang='lat' dir='ltr'><strong>civitatem</strong></span> <span class='ocrx_word' id='word_1_169' title='bbox 897 3697 1096 3770; x_wconf 88' lang='lat' dir='ltr'><strong>hominum</strong></span> <span class='ocrx_word' id='word_1_170' title='bbox 1126 3698 1344 3790; x_wconf 84' lang='lat' dir='ltr'><strong>christiano·</strong></span> 
     </span>
    </p>

    <p class='ocr_par' dir='ltr' id='par_1_9' title="bbox 175 3796 1349 4306">
     <span class='ocr_line' id='line_1_30' title="bbox 175 3796 1342 3881; baseline -0.001 -4"><span class='ocrx_word' id='word_1_171' title='bbox 175 3811 176 3816; x_wconf 74' lang='grc'>’</span> <span class='ocrx_word' id='word_1_172' title='bbox 265 3827 356 3881; x_wconf 86' lang='lat' dir='ltr'><strong>rum</strong></span> <span class='ocrx_word' id='word_1_173' title='bbox 384 3797 671 3876; x_wconf 85' lang='lat' dir='ltr'><strong>construendam</strong></span> <span class='ocrx_word' id='word_1_174' title='bbox 698 3817 763 3870; x_wconf 87' lang='lat' dir='ltr'><strong>aut</strong></span> <span class='ocrx_word' id='word_1_175' title='bbox 784 3796 1054 3880; x_wconf 85' lang='lat' dir='ltr'><strong>destruendam,</strong></span> <span class='ocrx_word' id='word_1_176' title='bbox 1074 3798 1342 3877; x_wconf 83' lang='lat' dir='ltr'><strong>&#39;stabiliendam</strong></span> 
     </span>
     <span class='ocr_line' id='line_1_31' title="bbox 265 3897 1342 3999; baseline -0.002 -18"><span class='ocrx_word' id='word_1_177' title='bbox 265 3924 335 3981; x_wconf 88' lang='lat' dir='ltr'><strong>aut</strong></span> <span class='ocrx_word' id='word_1_178' title='bbox 360 3901 651 3978; x_wconf 90' lang='lat' dir='ltr'><strong>concutiendam</strong></span> <span class='ocrx_word' id='word_1_179' title='bbox 684 3897 781 3999; x_wconf 86' lang='lat' dir='ltr'><strong>gesta</strong></span> <span class='ocrx_word' id='word_1_180' title='bbox 806 3900 894 3972; x_wconf 91' lang='lat' dir='ltr'><strong>sunt</strong></span> <span class='ocrx_word' id='word_1_181' title='bbox 925 3919 961 3972; x_wconf 89' lang='lat' dir='ltr'><strong>et</strong></span> <span class='ocrx_word' id='word_1_182' title='bbox 989 3905 1252 3989; x_wconf 83' lang='lat' dir='ltr'><strong>contuleruut,</strong></span> <span class='ocrx_word' id='word_1_183' title='bbox 1291 3908 1342 3979; x_wconf 94' lang='lat' dir='ltr'><strong>ob</strong></span> 
     </span>
     <span class='ocr_line' id='line_1_32' title="bbox 265 3997 1344 4104; baseline -0.003 -21"><span class='ocrx_word' id='word_1_184' title='bbox 265 4009 401 4084; x_wconf 85' lang='lat' dir='ltr'><strong>oculos</strong></span> <span class='ocrx_word' id='word_1_185' title='bbox 442 4001 544 4100; x_wconf 81' lang='lat' dir='ltr'><strong>quast</strong></span> <span class='ocrx_word' id='word_1_186' title='bbox 584 3997 737 4074; x_wconf 89' lang='lat' dir='ltr'><strong>nostros</strong></span> <span class='ocrx_word' id='word_1_187' title='bbox 773 4015 981 4104; x_wconf 71' lang='lat' dir='ltr'><strong>‹geruntum</strong></span> <span class='ocrx_word' id='word_1_188' title='bbox 1022 4004 1197 4078; x_wconf 89' lang='lat' dir='ltr'><strong>audimus</strong></span> <span class='ocrx_word' id='word_1_189' title='bbox 1238 4007 1344 4102; x_wconf 88' lang='lat' dir='ltr'><strong>ipsos</strong></span> 
     </span>
     <span class='ocr_line' id='line_1_33' title="bbox 261 4099 1349 4204; baseline -0.006 -20"><span class='ocrx_word' id='word_1_190' title='bbox 261 4112 395 4194; x_wconf 82' lang='lat' dir='ltr'><strong>Viros,</strong></span> <span class='ocrx_word' id='word_1_191' title='bbox 429 4105 566 4204; x_wconf 83' lang='lat' dir='ltr'><strong>quibus</strong></span> <span class='ocrx_word' id='word_1_192' title='bbox 599 4105 641 4196; x_wconf 82' lang='lat' dir='ltr'><strong>in</strong></span> <span class='ocrx_word' id='word_1_193' title='bbox 663 4099 759 4176; x_wconf 87' lang='lat' dir='ltr'><strong>statu</strong></span> <span class='ocrx_word' id='word_1_194' title='bbox 792 4101 953 4176; x_wconf 87' lang='lat' dir='ltr'><strong>civitatis</strong></span> <span class='ocrx_word' id='word_1_195' title='bbox 984 4103 1241 4177; x_wconf 87' lang='lat' dir='ltr'><strong>ecclesiasticae</strong></span> <span class='ocrx_word' id='word_1_196' title='bbox 1269 4106 1349 4180; x_wconf 88' lang='lat' dir='ltr'><strong>for·</strong></span> 
     </span>
     <span class='ocr_line' id='line_1_34' title="bbox 261 4205 1344 4306; baseline -0.001 -23"><span class='ocrx_word' id='word_1_197' title='bbox 261 4211 407 4288; x_wconf 88' lang='lat' dir='ltr'><strong>mando</strong></span> <span class='ocrx_word' id='word_1_198' title='bbox 441 4206 587 4304; x_wconf 87' lang='lat' dir='ltr'><strong>primae</strong></span> <span class='ocrx_word' id='word_1_199' title='bbox 623 4205 729 4279; x_wconf 90' lang='lat' dir='ltr'><strong>datae</strong></span> <span class='ocrx_word' id='word_1_200' title='bbox 762 4206 1029 4306; x_wconf 67' lang='lat' dir='ltr'><strong>suntpartes3</strong></span> <span class='ocrx_word' id='word_1_201' title='bbox 1063 4221 1191 4280; x_wconf 88' lang='lat' dir='ltr'><strong>coram</strong></span> <span class='ocrx_word' id='word_1_202' title='bbox 1226 4211 1344 4282; x_wconf 88' lang='lat' dir='ltr'><strong>cerni·</strong></span> 
     </span>
    </p>

    <p class='ocr_par' dir='ltr' id='par_1_10' title="bbox 146 4301 1342 4412">
     <span class='ocr_line' id='line_1_35' title="bbox 146 4301 1342 4412; baseline -0.002 -26"><span class='ocrx_word' id='word_1_203' title='bbox 146 4301 149 4310; x_wconf 73' lang='grc'>’</span> <span class='ocrx_word' id='word_1_204' title='bbox 215 4315 219 4322; x_wconf 83' lang='grc'>’</span> <span class='ocrx_word' id='word_1_205' title='bbox 258 4335 349 4412; x_wconf 53' lang='grc'>52225</span> <span class='ocrx_word' id='word_1_206' title='bbox 382 4327 602 4408; x_wconf 87' lang='lat' dir='ltr'><strong>temporum</strong></span> <span class='ocrx_word' id='word_1_207' title='bbox 644 4312 839 4382; x_wconf 82' lang='lat' dir='ltr'><strong>varietates</strong></span> <span class='ocrx_word' id='word_1_208' title='bbox 874 4308 1129 4404; x_wconf 79' lang='lat' dir='ltr'><strong>fortunaeque</strong></span> <span class='ocrx_word' id='word_1_209' title='bbox 1158 4306 1214 4384; x_wconf 86' lang='lat' dir='ltr'><strong>rei</strong></span> <span class='ocrx_word' id='word_1_210' title='bbox 1247 4313 1342 4386; x_wconf 87' lang='lat' dir='ltr'><strong>chri·</strong></span> 
     </span>
    </p>
   </div>
   <div class='ocr_carea' id='block_1_7' title="bbox 0 0 1454 5008">
    <p class='ocr_par' dir='ltr' id='par_1_11' title="bbox 0 0 1454 5008">
     <span class='ocr_line' id='line_1_36' title="bbox 0 0 1454 5008; baseline 0 2"><span class='ocrx_word' id='word_1_211' title='bbox 0 0 1454 5008; x_wconf 95' lang='lat' dir='ltr'><strong> </strong></span> 
     </span>
    </p>
   </div>
  </div>
 </body>
</html>
