2898 5008
227 433 336 509 ene
361 427 393 511 1.
434 430 558 512 erce.
581 435 612 505 1.
656 397 812 510 onst,
858 425 1057 524 erras,
1105 431 1178 522 ,aa

177 611 238 666 nati
260 623 289 665 at
311 605 423 664 mendic
448 607 591 682 inquinati
615 603 809 666 invenientia.
850 605 920 664 Nrc.
945 609 1121 666 Rroarrrue
1146 609 1179 667 in

175 677 369 751 Praefatiane
385 677 428 733 ud
446 676 631 734 Tertulliani
646 677 760 750 Opera,
787 677 915 734 Lutetiae
931 677 1013 736 Paris.
1030 686 1107 740 1634.
1123 678 1174 740 iol.
1234 683 1238 692 '

176 747 211 804 in
227 747 321 801 lucem
337 745 427 808 edita,
452 745 520 799 haec
537 745 588 798 hae
605 745 640 798 de
656 764 687 799 re
702 760 813 800 monet:
841 745 1051 812 „Tertulliani‚
1069 749 1175 823 inquit,

181 815 281 890 [cripta
298 813 465 888 legentibus,
484 813 558 866 haud
577 811 661 868 etiam
678 812 858 868 mediocriter
874 813 1003 880 literatis,
1025 832 1178 873 occurrunt
1246 815 1253 838 '

176 881 304 949 difficilia
327 901 385 936 non
410 895 497 956 pauet
525 881 666 938 Sermonis
690 893 718 936 et
742 879 908 957 scripturae.
942 883 1016 938 Nam
1034 885 1177 942 Sermonis

178 952 296 1028 quidem
325 949 452 1004 Africani
482 948 608 1023 superbia
644 948 836 1004 doctrinarum
866 950 923 1006 iere
949 951 1080 1006 omnium
1113 954 1177 1009 dota

197 1019 337 1081 raestane„
354 1017 470 1072 lactorea
487 1017 539 1071 fibi
555 1016 684 1092 poscebat
701 1018 736 1072 ed
753 1033 855 1073 nutum
873 1017 1048 1074 attentiffima
1063 1021 1178 1096 sagaces.

175 1040 352 1166 Bostaaquam
369 1105 435 1141 vero
452 1085 484 1140 in
502 1085 585 1160 longe
601 1086 669 1141 alioa
687 1086 806 1150 incidit,
824 1086 928 1141 mutari
943 1087 1016 1163 cepit
1040 1090 1176 1164 aquibus

177 1175 236 1211 non
260 1155 354 1237 potuit
378 1155 457 1230 capi,
485 1167 513 1208 et
535 1153 639 1230 spuriae
656 1153 792 1208 dictiones
809 1174 861 1230 pro
877 1153 1013 1230 legitimis
1038 1155 1178 1215 adulterae

176 1243 277 1282 manua
303 1219 502 1278 inverecundia
527 1223 626 1304 iparfit.
661 1221 818 1298 scripturae
841 1239 934 1277 autem
949 1225 1061 1282 ,nativae
1081 1229 1198 1292 ruinas
1281 1249 1286 1266 ⁸

165 1290 307 1348 'Auctoris
324 1290 417 1346 verbis
434 1289 518 1345 semel
534 1291 713 1366 interceptis,
740 1307 773 1346 ut
789 1289 894 1346 obtrito
912 1311 959 1346 cor
979 1311 1041 1357 ore,
1067 1296 1176 1352 sensum

177 1381 234 1416 una
251 1361 325 1436 quali
348 1360 441 1442 ipsum
459 1374 486 1413 et
502 1375 625 1412 mentem
643 1357 811 1436 profligavit.
845 1360 891 1414 Sic
908 1314 1016 1436 pellimi
1034 1363 1177 1420 Correcto·

175 1449 220 1485 rea
240 1427 455 1483 emendatrffima
471 1427 625 1502 perdidere.
635 1458 674 1480 ,-
705 1428 777 1482 Dira
800 1447 897 1482 eorum
921 1431 996 1485 natio
1015 1446 1072 1486 tam
1094 1435 1175 1490 laede

176 1497 308 1573 Septimii
327 1496 413 1550 nostri
437 1495 525 1550 libroa
548 1495 616 1550 adeo
641 1514 753 1570 quoque
776 1496 834 1568 jam
860 1497 971 1571 pridem
995 1501 1122 1564 vexavit,
1142 1519 1175 1560 ut

176 1567 236 1648 jam
265 1563 334 1619 Falfi
364 1564 480 1619 vetustae
511 1562 592 1638 longi
621 1565 754 1645 temporie
780 1565 1024 1640 praescriptionem
1053 1568 1176 1652 obstruat

177 1631 467 1760 iissllbrubiiiui
480 1631 1064 1765 iiiliiitffiffiiiiiiriii‘bieiiiit
1090 1655 1175 1775 effi

170 1775 253 1844 suat
277 1781 305 1826 et
330 1769 400 1826 libri
424 1777 536 1825 ueteres
563 1769 808 1841 depravatissimo
832 1771 956 1826 correcti
962 1795 970 1840 3
1002 1784 1092 1848 neque
1115 1775 1176 1832 ulla

177 1843 236 1916 spec
252 1837 424 1894 reducendae
440 1857 480 1891 un
501 1857 566 1892 uam
583 1837 727 1902 veritatis,
751 1837 803 1891 nifi
820 1852 998 1894 tamveteree
1016 1843 1178 1900 nanciacan·

176 1919 241 1972 tur.
260 1923 293 1964 ut
310 1909 364 1962 lint
379 1906 461 1963 omni
520 1921 675 1962 rrectorum
691 1905 857 1986 antiquitate
873 1907 1044 1970 vemffioree.

569 2109 605 2206 ς.
654 2105 718 2186 aa.

263 2255 303 2344 2)
330 2293 376 2310 -
402 2215 668 2346 Integritae,
701 2275 810 2344 quae
840 2258 1012 2346 duplex.

177 2495 179 2502 .
208 2419 358 2494 Codicis
390 2418 638 2516 manuscripti
664 2413 862 2516 Integritas
898 2417 945 2491 ad
973 2417 1064 2495 duas
1089 2448 1171 2518 par·
1208 2481 1212 2489 ,

108 2539 165 2596 tea
199 2521 378 2607 refertur,
402 2521 469 2593 ¹ad
501 2517 589 2592 libri
628 2517 854 2593 fasciculum
889 2521 1006 2593 etad
1042 2540 1173 2600 textus

107 2625 291 2696 habitum.
344 2623 383 2696 si
405 2624 617 2713 chartarum
642 2621 736 2694 folia
761 2645 842 2694 non
863 2620 1064 2695 imminuta
1086 2625 1174 2698 sunt

108 2745 147 2798 et
170 2727 249 2796 ulla·
271 2723 359 2795 libri
381 2724 564 2821 particula
587 2748 670 2795 non
695 2720 932 2808 desideratur,
958 2725 1088 2796 Codex
1111 2752 1173 2814 ex·

109 2845 259 2896 ternam
286 2823 405 2896 servat
431 2823 711 2922 integritatemt
750 2821 779 2897 fi
811 2847 902 2896 vero
937 2822 1066 2922 scripti
1091 2844 1172 2900 tex·

97 2919 198 2997 'tum
231 2925 403 3022 praebet,
437 2925 503 3020 q'ui
534 2925 699 2997 intactus
732 2949 753 2997 a
786 2923 984 2998 conatibus
1019 2924 1173 3001 nefariis

108 3027 223 3098 illum
250 3026 474 3120 depravandi
491 3028 551 3100 val
568 3023 849 3122 corrumpendi,
877 3027 1172 3123 autopraphum,

109 3127 238 3223 quoad
277 3127 358 3199 eius
390 3127 473 3201 fieri
502 3127 655 3224 ¹potuit,
687 3126 860 3226 diligenti
894 3145 981 3198 cura
1007 3127 1171 3218 exhibet,

106 3228 336 3326 integritatis
377 3227 545 3301 internae
575 3227 729 3300 laudem
762 3252 851 3324 prae
884 3227 921 3299 se
953 3226 1038 3302 fert.
1096 3235 1173 3303 Ex·

107 3349 213 3402 terna
228 3328 390 3418 ‚Codicis
420 3329 589 3402 conditio
622 3328 733 3402 facile
757 3331 914 3402 lectores
938 3327 979 3402 in
1008 3353 1174 3407 errorem

108 3431 155 3502 de
179 3429 268 3501 libri
285 3430 435 3503 =ambitu
458 3430 640 3504 inducere
665 3427 788 3530 potest
804 3423 854 3524 *).

141 3685 169 3752 *)
195 3681 334 3736 Annoerr
359 3681 505 3755 adversae
527 3672 675 3740 Nationes
691 3681 790 3740 Libris
805 3679 923 3755 sepiem
946 3681 1018 3738 olim
1036 3686 1175 3743 Menacrt

174 3749 297 3806 Frc1c1a
316 3751 470 3819 Octauius,
487 3766 631 3828 tamquam
647 3766 769 3816 octana,
786 3769 932 3828 perperam
947 3751 1074 3812 adheefit.
1117 3803 1141 3818 ,λ

564 3957 599 4048 §.
651 3950 712 4033 25.

269 4096 307 4182 3)
328 4133 373 4152 ·-
395 4092 656 4188 Scrlipturae
679 4099 797 4168 racia
819 4091 1007 4176 indoles,

205 4245 351 4340 Magna
377 4245 589 4343 Scripturae
613 4245 774 4319 varietas
799 4245 839 4318 in
862 4245 1065 4323 codicibus
1090 4203 1172 4321 nia·

102 4341 309 4442 nuioriptis
334 4363 414 4420 tam
439 4347 599 4448 graecis,
634 4369 750 4446 quam
773 4346 1173 4526 lhtssiidepoehindi'
