2898 5008
445 370 582 458 ora.
623 327 687 442 ts.
756 365 794 472 5
826 359 890 450 tt.
1151 359 1204 454 25

231 555 328 635 VIII.
366 555 471 652 Opus
484 543 763 654 suppofititium
787 541 860 650 est,
886 553 1021 650 inquo
1046 548 1203 626 tradun-

130 669 195 728 tur
217 657 405 754 dogmata
433 655 716 729 ediametroiis
733 641 918 752 oppofita,
944 678 1041 750 quae
1056 658 1204 728 Auctor
1249 727 1254 746 Ι

130 756 221 828 alibi
248 762 285 829 in
309 760 480 858 genuinis
505 753 675 850 operibus
694 748 774 854 suis
797 769 1019 852 propugnat
1043 770 1080 827 et
1106 780 1204 852 quae
1234 753 1235 762 ’

130 857 348 929 veritatibus
359 854 460 958 fidei
482 849 737 958 adversantur.
790 855 882 952 Quis
904 855 1008 928 'enim
1029 853 1098 928 fibi
1117 881 1202 952 per·

131 960 294 1044 suadeat,
320 963 454 1032 Virum
468 955 707 1054 prudentem
734 974 772 1028 et
787 979 938 1054 gravem
962 955 1063 1029 inter
1080 958 1115 1029 se
1132 983 1203 1054 pu-

134 1059 290 1158 gnantia
319 1057 482 1132 doceret
513 1058 759 1132 'Notandum
783 1074 908 1128 tamen
934 1053 1003 1144 est,
1028 1060 1203 1155 regulam

29 1167 47 1194 “
132 1163 231 1233 lianc
271 1161 352 1259 pati
390 1160 674 1257 exceptionem,
721 1147 991 1234 si'Auctorem
1031 1177 1212 1234 mentem*

129 1261 236 1334 suam
260 1261 417 1338 mutasse
441 1257 596 1334 constat.

233 1402 298 1487 lx.
337 1399 488 1492 Scripta
515 1396 657 1480 latina,
691 1417 787 1490 quae
806 1392 973 1490 produnt
996 1396 1229 1468 Auctorem,

131 1521 323 1594 graecum,
349 1513 531 1570 ettamen
548 1520 618 1593 pro
637 1495 762 1566 latinis
778 1496 988 1567 venduntur
1002 1493 1202 1568 abAacto·

132 1596 243 1682 ribus,
271 1614 309 1670 et
330 1603 406 1670 vice
422 1591 526 1700 versa
545 1600 694 1694 Scripta
710 1621 852 1694 graeca
866 1599 1070 1668 Auctorem
1087 1621 1201 1695 grae·

132 1723 217 1769 cum
247 1703 284 1770 in
308 1695 387 1799 suis
422 1701 616 1772 idiotismis
652 1699 876 1782 redolentia,
918 1711 957 1782 et
988 1709 1115 1770 tamen
1150 1693 1201 1770 ab

129 1799 355 1874 Auctoribus
393 1816 576 1896 tanquam
611 1799 731 1870 latitia
767 1796 938 1884 vendita,
982 1813 1081 1872 certe
1107 1790 1202 1900 sunt

121 1891 371 2000 suppofititio.
423 1909 522 1976 Nom
548 1901 632 1972 talis
660 1899 847 1972 scribendi
875 1899 973 1971 ratio
1000 1923 1021 1972 a
1046 1905 1106 1976 SS.
1134 1906 1202 1996 Ba·

5 2057 7 2062 .
130 2018 235 2074 trum
259 2004 371 2100 genio
397 2022 433 2076 et
456 1998 730 2082 consuetudine
750 2001 923 2075 noscitur
944 2000 1085 2088 aliens,
1112 2027 1202 2076 cum

132 2105 258 2175 Patres
276 2105 399 2201 graeci
420 2104 565 2199 semper
587 2127 737 2200 gaece,
764 2121 801 2178 et
824 2101 933 2174 latini
956 2126 1041 2174 raro
1069 2127 1200 2200 graece

131 2199 352 2301 scripserint.
405 2210 463 2279 Ex
483 2205 558 2276 hoc
580 2203 830 2275 fundamento
857 2206 1137 2274 Commentario
1160 2207 1200 2274 in

130 2301 269 2380 Jobum
288 2309 471 2378 Omotm
491 2305 536 2376 ab
553 2304 720 2376 Eruditis
736 2300 998 2389 abjudicantur
1014 2329 1073 2391 eo,
1094 2303 1202 2402 quod

58 2493 62 2505 .
128 2405 294 2500 prodant
311 2403 541 2504 Scriptorem
555 2406 736 2486 latinum3
765 2407 945 2504 Origenes
961 2421 1088 2478 eutem
1105 2422 1201 2479 tam·
1239 2391 1243 2412 ¹

130 2529 245 2600 quam
268 2511 428 2596 Graecus
453 2532 584 2607 graece
608 2505 806 2602 scripserit.

231 2647 278 2730 X.
324 2627 641 2740 Uitumidemque
671 2665 765 2738 opus
792 2635 959 2736 pluribus
983 2630 1201 2739 diverfisque

128 2741 354 2818 Auctoribus
373 2741 612 2844 adjcriptum,
628 2734 667 2841 fi
692 2765 766 2813 non
778 2733 1077 2842 suppofititium,
1103 2757 1202 2814 certe

122 2841 284 2922 ,dubium
310 2835 369 2942 est.
422 2844 562 2944 Quodsi
591 2846 693 2916 enim
718 2865 817 2940 opus
849 2842 1059 2940 genuinum
1092 2843 1201 2915 certi-

132 2967 206 3036 que
230 2944 408 3016 Auctoris
439 2943 544 3029 elset,
589 2947 635 3017 de
660 2946 827 3018 Auctore
855 2944 984 3018 Critioi
1012 2941 1200 3022 &oenus

129 3061 209 3118 tam
236 3042 346 3118 facile
370 3070 451 3118 non
477 3043 638 3142 possent.

229 3185 302 3278 XI.
331 3183 373 3252 Si
390 3182 514 3254 Stilus
531 3173 582 3278 est
602 3173 772 3282 diversus,
797 3181 966 3252 validum
986 3169 1089 3278 adesl
1103 3171 1200 3281 sup-

128 3271 317 3380 pofitt'onis
349 3296 417 3356 aut
444 3275 627 3382 jalfitatis
657 3297 934 3382 argumentum.
987 3288 1083 3354 Cum
1112 3305 1201 3379 per·

128 3406 234 3471 raro,
270 3385 359 3456 licet
389 3408 470 3456 non
509 3385 739 3471 inficiemur,
766 3384 811 3456 ab
834 3383 985 3457 erudito
1012 3382 1200 3479 Scriptoro

126 3480 252 3556 stilum
279 3485 474 3560 immutari
497 3484 599 3581 polle
625 3488 686 3558 vel
710 3487 874 3558 alienum
900 3484 1080 3584 exprimi,
1108 3508 1197 3558 oum

156 3611 294 3674 erroro,
321 3587 490 3684 inquam,
521 3604 625 3658 tanto
643 3584 687 3658 stt
703 3587 788 3658 stili
799 3586 1019 3685 similitudo,
1048 3601 1094 3658 ut
1109 3585 1196 3656 nui.

124 3609 207 3759 lium
232 3687 384 3783 prorsus
409 3688 537 3760 notari
560 3683 672 3785 p0ffit
706 3687 925 3774 discrimen,
960 3705 1073 3783 atque
1105 3687 1195 3770 alte·

123 3787 204 3858 rius
229 3787 354 3861 stilum
371 3787 535 3885 perfecte
562 3788 703 3862 imitari
726 3789 792 3861 vix
813 3813 856 3858 ac
876 3813 924 3860 ne
949 3788 1017 3865 vix
1041 3786 1196 3882 quidem
1259 3834 1265 3848 ·

125 3883 295 3981 poffibile
318 3888 381 3974 sit,
416 3893 585 3989 regulam
616 3891 713 3962 hano
742 3888 870 3962 Critici
896 3887 1195 3986 adpellantLy·

126 3988 231 4061 dium
258 3990 369 4062 illum
392 3991 567 4087 lapidem,
591 4016 668 4087 quo
693 3991 829 4066 veritas
854 4007 920 4062 sut
942 3988 1080 4063 falsitas
1097 3994 1194 4086 Ope-

121 4115 210 4162 rum
242 4109 344 4167 recte
379 4091 552 4192 dignosci
587 4095 720 4165 valeat.
763 4097 913 4168 'Verum
943 4091 1195 4166 nihilominus

121 4191 236 4272 fateri
256 4210 432 4294 oportet,
455 4195 535 4280 boc
561 4194 762 4268 criterium
789 4194 1022 4294 quandoque
1051 4191 1194 4279 fallere,

119 4315 234 4399 atquo
256 4295 406 4404 egregit
426 4291 480 4372 ost
501 4295 543 4400 itt
567 4293 667 4370 hanc
690 4319 772 4374 rem
802 4295 1016 4374 observatio
1033 4293 1194 4384 ioannis
1266 4313 1268 4318 ’
