2898 5008
280 419 328 494 18
438 410 613 506 ,Pins'L
657 413 780 490 secr.
810 417 845 526 ¹³.
885 416 984 493 cii:
1007 415 1040 490 i.
1083 415 1118 506 §.
1144 411 1207 492 23.

190 569 192 574 ’
576 577 579 583 ’
727 537 794 688 ss
824 602 916 677 aa„
1140 583 1143 594 ’

358 757 392 792 *i
459 773 461 778 ,
549 731 585 817 l)
624 720 883 808 Codicum
925 746 1084 797 aetas.

284 964 287 972 Ι
381 875 520 944 Nullus
559 869 647 944 libri
691 865 871 968 patrisu‘ci
907 871 1186 968 manuscriptus
1223 875 1356 947 Codex

192 988 194 994 '
281 975 328 1046 ad
354 994 523 1072 tenipora
550 968 727 1046 Auctoris
748 975 927 1069 ‘pertinet
958 993 997 1045 et
1027 970 1255 1046 vetustissimi
1280 982 1355 1048 Co·

283 1077 383 1151 dices
411 1095 530 1146 aetate
558 1073 620 1144 sua
641 1073 779 1166 linibus
799 1075 1002 1146 duodecim
1029 1074 1244 1146 seculorum
1270 1103 1357 1150 non

283 1177 471 1248 excedunt
488 1177 533 1270 Ὀ.
587 1179 769 1246 Accurata
806 1177 936 1252 aetatis
963 1176 1135 1260 scientia,
1164 1203 1259 1272 quae
1287 1205 1354 1250 au·

281 1271 361 1348 iem
396 1303 476 1364 nori
513 1278 559 1348 de
591 1278 770 1348 omnibus
808 1303 925 1372 aeque
959 1295 1044 1349 tuto
1080 1277 1193 1349 nobis
1227 1281 1355 1377 parari

218 1399 222 1414 ·
280 1370 402 1476 potest
411 1357 482 1470 ss),
502 1378 549 1448 ad
570 1374 760 1448 historiam
790 1396 914 1450 textus
931 1373 1218 1450 construendam
1235 1383 1355 1475 pluri-

280 1504 391 1550 muni
416 1484 526 1552 valet.
581 1479 735 1552 Codices
772 1480 991 1559 recentioris
1026 1480 1179 1565 aetatis,
1220 1507 1289 1577 per
1314 1483 1352 1552 se

194 1663 195 1668 ἵ
281 1582 436 1676 quidem
469 1604 549 1652 non
584 1580 680 1650 tanti
706 1575 980 1666 aestimantur„
1001 1580 1135 1676 quanti
1170 1579 1353 1656 vetustior

280 1707 358 1765 res;
382 1681 426 1766 ¹si
450 1700 577 1756 tamen
612 1699 710 1754 arcte
746 1683 781 1752 se
815 1681 1007 1780 applicant
1042 1681 1250 1776 antiquiori
1279 1689 1353 1754 Co·
1396 1717 1398 1730 ·

282 1783 357 1854 dicl
382 1801 584 1854 attextum
611 1783 733 1852 bonae
760 1801 873 1852 notae
900 1781 1192 1879 repraesentant,'
1216 1784 1354 1872 eodeni

216 1963 226 1975 ..
280 1885 426 1958 honore
453 1907 520 1956 eos
546 1883 743 1955 habendos
768 1882 836 1955 elle
864 1904 901 1954 et
926 1883 1061 1980 preti0,
1090 1905 1167 1978 quo
1194 1883 1262 1980 ipsi
1288 1911 1355 1956 ari-

280 1985 476 2080 tiquiores,
506 2011 620 2056 nemo
647 1981 707 2068 esi,
736 1985 801 2080 qni
819 1985 975 2056 dubitet.
1029 1986 1136 2056 Valet
1164 1987 1263 2056 enini
1288 2012 1355 2056 ex-

198 2137 200 2144 ι
279 2079 400 2182 ceptis
422 2088 562 2183 ‘paucis
589 2091 740 2166 Canon,
788 2113 854 2166 ‚io
887 2085 1079 2180 antiquior
1106 2085 1237 2156 Codex
1262 2087 1287 2157 i.
1316 2115 1350 2160 e.

281 2213 359 2282 qiio
380 2186 556 2260 Auctoris
585 2187 698 2281 iplius
724 2189 856 2258 manui
885 2205 921 2258 et
948 2182 1149 2280 scripturae
1171 2189 1350 2272 vicinior,

280 2303 328 2386 eo
353 2290 489 2360 certius
518 2289 743 2376 credendum
773 2287 842 2376 est,
877 2315 964 2360 eum
999 2287 1130 2360 textus
1152 2289 1351 2387 originalis

278 2391 543 2488 integritatem
569 2389 722 2462 servasse
738 2389 830 2482 ***).
912 2454 917 2460 ,

315 2645 342 2715 a)
367 2639 561 2712 Venistilliiriis
580 2639 732 2694 Codicibus
749 2641 861 2694 Patrum
889 2637 1043 2696 latinorum
1060 2641 1281 2696 adnumerantur
1297 2627 1350 2694 Co-

350 2711 403 2766 dex
423 2712 557 2780 Operum
577 2709 735 2776 Crruraiii
758 2710 790 2761 iii
814 2707 991 2764 Bibliotheca
1007 2711 1156 2766 Veronensi
1180 2708 1346 2769 adservatus,

350 2797 377 2834 et
403 2781 587 2832 Lacranrii
608 2777 723 2831 Codices
748 2777 822 2839 due,
850 2797 923 2832 uuus
951 2779 1149 2842 Bononiensis,
1167 2776 1257 2832 ‘alter‘
1274 2777 1346 2828 Tau-

270 2912 277 2922 ,
348 2848 482 2909 rineiilis,
525 2849 574 2920 qui
608 2846 690 2900 mille
722 2862 749 2900 et
782 2846 858 2919 quod
888 2845 1011 2902 excurrit
1051 2864 1189 2902 annornm
1221 2845 1272 2902 else
1304 2843 1347 2897 di·

348 2933 460 2971 cuntur.
504 2915 611 2970 Omnes
642 2931 735 2968 aurem
761 2915 894 2978 Codices,
931 2931 1067 2991 quotquot
1097 2915 1131 2969 ad
1158 2913 1234 2967 liunc
1259 2931 1292 2966 us
1313 2933 1350 2967 ue

350 2986 426 3044 diem
445 2985 478 3037 ad
496 2985 626 3038 ueritiam
642 2983 759 3038 nostram
779 2995 932 3047 venerunt,
951 2985 1080 3038 vetustate
1099 2983 1235 3037 antecedit
1254 2933 1353 3036 Codex

348 3056 494 3110 Virorum
511 3055 619 3116 Pauli,
643 3054 806 3108 Hilarionis
835 3065 863 3108 et
885 3055 1002 3108 Moschi
1026 3053 1059 3105 ab
1078 3057 1273 3106 Hiriionriuo
1305 3070 1351 3102 ex-

345 3122 520 3185 hibitarum,
537 3122 588 3204 qni
607 3141 630 3178 a.
649 3122 716 3178 Clir.
734 3129 793 3180 517.
812 3121 845 3174 ab
867 3122 1016 3188 Ursicino,
1035 3121 1167 3174 Ecclesiae
1186 3120 1351 3176 Veronensis

346 3193 480 3253 Lectore,
510 3193 561 3247 scri
583 3207 626 3246 tus
652 3190 704 3251 est,
735 3207 761 3243 et
790 3210 873 3264 quern
898 3209 974 3242 nunc
1000 3189 1162 3263 Capitulum
1192 3189 1350 3243 Veronense

345 3261 469 3334 pollitici.
486 3292 520 3301 -
548 3262 666 3312 Graecus
688 3259 785 3312 Codex
813 3261 893 3332 inlpt.
919 3261 1126 3313 Honiili‘ariim
1149 3257 1350 3310 Ciiaxsosross

346 3347 385 3381 Mi
404 3333 435 3382 in
457 3329 664 3394 Psalmosisec.
673 3327 722 3381 IX.
742 3342 865 3379 exaratus
880 3326 916 3380 est
933 3343 959 3380 et
976 3327 1008 3380 iii
1026 3325 1202 3392 Bibliotheca
1220 3327 1285 3396 Beg.
1299 3326 1348 3374 Pa-

268 3429 273 3438 ·
344 3399 447 3453 risiensi
465 3389 514 3450 sub
532 3397 647 3468 nomine
666 3395 777 3448 Codicis
796 3395 954 3448 Bliemeiisis
980 3395 1141 3449 custoditur.
1176 3396 1258 3446 Anno
1277 3393 1348 3448 Clir.

345 3474 405 3532 914.
432 3467 549 3540 scriptus
574 3465 610 3518 est
628 3465 738 3526 Codex,
768 3463 867 3518 itidem
888 3463 1050 3522 lirrisiis'in
1069 3462 1248 3516 Bibliotheca
1268 3461 1348 3534 regia

261 3561 262 3568 ¹
347 3537 493 3594 conditus,
522 3535 571 3608 qui
591 3533 773 3586 Cuuireiiris
796 3535 1042 3593 Aiaxannaini,
1067 3532 1193 3588 Jusrini
1212 3531 1348 3582 Marini·-

347 3623 396 3656 riis
416 3620 442 3658 et
460 3603 580 3656 alioruin
599 3601 785 3676 quorumdam
805 3601 897 3675 Opera
916 3601 1048 3656 continet·

310 3701 351 3766 M)
377 3699 410 3748 In
434 3695 571 3749 Codicum
601 3694 854 3768 manuscriptorum
880 3709 964 3747 aetate
988 3689 1143 3745 delinienda
1162 3691 1286 3744 multum
1306 3688 1348 3744 la-

345 3767 478 3819 borarunt
503 3764 600 3817 Burin.
627 3783 668 3816 nia
696 3764 921 3818 Monrraucou
941 3776 983 3814 *et
1006 3762 1053 3818 Jo.
1077 3761 1247 3819 Marianon
1277 3778 1347 3812 cum

343 3834 432 3886 Sociis
450 3832 581 3898 inlibris
601 3833 656 3885 luis
675 3831 930 3903 palaeographicis
954 3845 981 3882 et
1007 3828 1215 3898 di'plomoticis.
1252 3828 1348 3898 Quam

341 3921 441 3978 parum
456 3899 610 3976 probabilis
628 3917 720 3954 autem
738 3919 835 3954 eorum
853 3897 1065 3972 argumentandi
1077 3897 1148 3950 ratio
1164 3894 1294 3968 pluribus
1311 3896 1346 3949 in

248 4013 251 4021 .
341 3973 411 4026 locis
430 3973 479 4039 sit,
509 3986 535 4023 et
573 3990 636 4022 uam
656 3972 730 4043 saepe
749 3989 762 4021 a
781 3987 810 4021 re
828 3969 885 4044 ipsa
904 3983 931 4021 et
948 3987 962 4019 a
980 3967 1094 4020 veritate
1113 3964 1208 4026 distet,
1228 3963 1344 4016 demon-

341 4040 435 4096 strarit
454 4042 484 4092 A.
502 3991 707 4095 Fsirmria
725 4039 757 4090 in
774 4037 858 4100 libro,
881 4037 930 4090 cui
948 4035 1065 4090 titulus:
1098 4036 1195 4088 Uelier
1212 4033 1345 4088 Bucher-

341 4108 568 4180 handsclirz'ften
587 4109 764 4175 uberhaupt.
799 4106 913 4180 Erlaiig.
933 4113 992 4164 810.
1010 4113 1034 4164 8.
1053 4125 1081 4178 p-
1100 4109 1150 4162 213
1170 4103 1225 4174 sqq.

305 4205 366 4272 isli)
385 4201 578 4272 Quorumdam
596 4193 751 4254 Aucioriim
770 4199 902 4253 Ecclesiae
927 4197 1098 4252 classicorum
1116 4193 1202 4256 libri,
1229 4195 1287 4266 jam
1309 4194 1344 4246 iii

331 4269 548 4345 antiquissimis,
566 4271 616 4344 qui
635 4271 669 4323 ad
686 4287 736 4322 iios
774 4283 956 4329 ervenerunt,
978 4263 1148 4323 Codicibus,
1167 4282 1253 4316 manu
1270 4263 1344 4315 Scri-

297 4405 301 4408 ,
339 4341 457 4402 barum,
484 4342 681 4395 Correctorum
697 4289 799 4396 infelix
822 4355 926 4390 munus
944 4334 994 4390 fibi
1012 4331 1220 4409 arrogantium,
1247 4330 1344 4407 depra-
