2898 5008
242 405 338 498 ,52
396 463 400 476 -
453 506 456 510 Ι
516 474 533 503 ,
629 409 765 484 Pane
804 409 863 546 ll.
916 409 953 503 §.
988 405 1051 487 59.

272 603 475 684 ¹errantes,
507 594 786 670 libere'sentire
821 597 869 668 de
903 596 1241 686 omnibusrebus,
1267 621 1381 695 quao

292 695 586 771 Christianorum
620 695 691 771 elle
717 701 868 770 Saecula
902 699 1142 772 erediderunt
1173 718 1213 772 et
1245 703 1381 796 perhi-

170 805 176 822 “
291 801 479 885 buerunt3
512 802 714 872 hortantur
746 825 838 886 nos,
873 799 940 872 etfi
965 797 1248 896 ipll'interdum
1276 801 1381 874 diffi-
1429 873 1430 884 ,

295 903 468 988 mlieres,
511 913 555 974 ut
582 900 692 997 aequi
736 899 858 974 fimus·
889 921 928 973 et
959 899 1089 974 faciles
1121 901 1163 972 in
1204 901 1379 980 ferendis
1429 911 1430 966 ἒ

292 1005 469 1079 Aliorum
505 1003 550 1074 de
575 1003 688 1076 rebus
713 1001 822 1074 sacris
851 1003 1120 1098 opinionibus;
1160 1005 1380 1078 admonent

231 1130 234 1138 ’
290 1129 376 1189 nos,
404 1123 444 1176 et
468 1103 537 1202 ipli
561 1129 644 1176 non
670 1128 756 1176 raro
783 1106 945 1180 modum
965 1105 1198 1192 excedentes,
1224 1103 1377 1180 utmo-
1429 1129 1430 1186 l

295 1203 430 1278 destiao
465 1203 701 1291 studeamus,
746 1229 797 1276 ne
824 1205 991 1278 nimiam
1020 1205 1199 1277 fiduciam
1232 1209 1298 1278 vel
1331 1210 1378 1282 in

293 1309 412 1380 animi
431 1303 550 1378 nostri
573 1305 840 1394 facultatibus,
874 1308 936 1380 vel
960 1305 1002 1378 in
1028 1307 1205 1378 Aliorum
1237 1327 1376 1382 aucto-

293 1408 404 1482 ritate
439 1410 669 1482 collocemus
678 1435 691 1494 ;
725 1408 891 1481 excitant
924 1431 1019 1494 nos,
1061 1405 1206 1479 tametsi
1238 1411 1376 1505 plures

293 1535 428 1582 eorum
454 1502 525 1590 sint
549 1509 760 1596 illiberales,
786 1528 831 1580 ut
854 1533 928 1582 nos
954 1510 1158 1594 liberemus
1179 1509 1225 1580 ab
1244 1514 1377 1583 omni·

292 1611 365 1684 bus
392 1611 510 1682 animi
543 1612 727 1684 contracti
761 1629 801 1680 et
833 1609 958 1706 pusilli
991 1611 1161 1682 motibus
1187 1611 1229 1680 in
1256 1615 1374 1687 rebus

293 1713 341 1786 ad
371 1714 620 1811 religionem
669 1725 707 1785 et
739 1712 891 1810 erigunt
931 1737 1023 1798 nos,
1062 1712 1129 1808 qui
1159 1709 1230 1808 ipfi
1272 1739 1374 1786 nun·

293 1838 409 1910 quam
453 1815 716 1910 desperarunt,
759 1831 804 1884 ut
833 1814 937 1910 spem
979 1813 1127 1886 firmam
1162 1831 1373 1902 teneamus,

249 1909 251 1920 ’
297 1915 450 1992 causam
477 1913 773 1991 Christianorum
800 1913 868 1990 elle
894 1917 1036 1990 bonam
1063 1927 1100 1989 et
1125 1914 1281 2008 tandem
1308 1920 1374 2018 ui.

261 2107 265 2124 .
295 2019 562 2118 omphantem.
603 2081 628 2113 Ι,
