2898 5008
210 297 377 433 erari
414 354 538 430 enar.
566 353 614 426 n.
658 349 824 428 cun
866 347 1058 442 §.tear
1137 349 1185 426 aa

112 572 190 646 quo
211 558 487 644 argumentum
512 539 600 612 libri
623 536 879 636 prosequatur
892 515 952 619 εΗ,
981 553 1018 607 et
1041 534 1183 629 formu,

112 675 228 760 quam
255 650 296 718 in
324 641 520 716 tractando
547 656 772 738 argumento
797 637 875 750 ipse
892 636 965 708 libi
984 640 1106 736 elegit.

488 843 491 852 “
590 846 625 931 §.
678 839 744 917 46.

156 995 194 1076 1>
224 939 288 1056 Di
312 987 485 1077 lingua,
522 1007 604 1074 qua
633 985 782 1047 Patres
812 982 857 1045 in
888 981 1143 1048 libria'luia

545 1087 612 1159 uli
647 1093 757 1162 sunt.

217 1243 367 1342 Lingua
393 1236 467 1324 est,
506 1263 579 1334 qua
605 1234 808 1332 adjuvante
841 1235 987 1308 Auctor
1019 1234 1107 1306 libri
1133 1260 1198 1306 an.

114 1363 342 1446 gumentum
380 1341 549 1437 exponit.
593 1338 749 1431 *Scripta
787 1343 960 1421 Panum,
1006 1340 1100 1430 quae
1141 1337 1188 1408 ad
1282 1369 1288 1378 1

115 1472 188 1522 nos
215 1437 492 1544 pervenerunt,
528 1438 646 1512 tribus
683 1439 823 1534 linguis
851 1435 1052 1532 composita
1083 1437 1186 1508 sunt:

117 1550 240 1619 multa
265 1548 396 1648 lingua
424 1567 574 1640 graeca,
611 1542 718 1634 plura
745 1539 880 1622 latina,
915 1541 1102 1609 nonnulla
1131 1539 1187 1631 sy·
1214 1553 1222 1568 ⁸

121 1649 230 1721 riaca.
282 1653 324 1716 In
361 1643 565 1716 excolendo
597 1643 751 1737 linguae
788 1637 910 1734 studio
945 1640 1099 1734 quidam
1123 1631 1190 1711 P'a-
1291 1651 1324 1664 '‘

117 1765 222 1820 trum
257 1747 468 1818 admodum
513 1743 715 1838 diligentes
751 1739 927 1829 fuere*);
968 1743 1095 1836 plures
1126 1767 1189 1811 au-

116 1867 220 1933 tem,
258 1847 474 1944 praesertim
512 1845 666 1914 Patrunr
704 1867 859 1938 eorum,
905 1866 1002 1936 quos
1045 1843 1190 1936 primus

47 2017 51 2030 ‚
121 1951 379 2022 Tertullianus
412 1946 529 2018 latine
555 1945 663 2037 loqui
691 1944 848 2028 docuit,
885 1941 931 2013 de
962 1944 1127 2037 puritate
1155 1961 1192 2016 et

120 2048 283 2124 castitate
308 2051 461 2148 linguae
488 2046 604 2117 nimis
628 2043 806 2116 incuri'oli
829 2044 1077 2116 inveniuntur
1092 2042 1163 2135 **).

153 2274 181 2344 ')
206 2274 239 2328 E.
265 2292 292 2347 g.
326 2273 594 2334 Ganraoanouns‚
633 2271 779 2326 Baeturia
812 2270 967 2333 Marinus,
1008 2271 1212 2326 Gnaoonma'
1299 2275 1313 2286 “

205 2341 383 2404 Νγεεεκυε,
409 2341 590 2396 Gneoomus
613 2340 861 2402 Nazianzenus,
895 2341 1057 2394 Mmucms
1074 2343 1192 2402 lieux,

206 2411 434 2474 Laenanrroe,
452 2411 644 2466 Autonomos.

154 2506 196 2575 ll)
220 2503 321 2586 ¹Simile
340 2504 410 2580 quid
429 2504 461 2558 in
486 2503 538 2556 hac
559 2501 635 2576 parte
659 2497 740 2553 nobis
755 2476 888 2563 obvenit,
915 2517 996 2576 atquo
1017 2503 1048 2556 in
1074 2503 1195 2626 dgslpntu

207 2590 283 2628 taone
304 2573 338 2626 de
362 2573 482 2647 puritate
504 2571 616 2644 linguae
641 2561 751 2644 graec'ae
779 2569 855 2624 Novi
877 2571 1052 2626 Testamenti.
1123 2571 1195 2625 ultae

205 2643 282 2696 enim
308 2641 443 2716 loquendi
469 2639 605 2694 formulae
627 2638 703 2712 apud
729 2637 881 2715 Scriptores
904 2640 1038 2694 Ecclesiae
1067 2643 1196 2696 occideu-

208 2711 272 2766 talis
301 2729 324 2764 e.
349 2730 389 2784 gr.
422 2711 597 2762 Mmrrcwnt
620 2708 779 2768 Faunum.
813 2709 995 2762 Africanisrni
1024 2712 1195 2768 accusantur.

206 2798 278 2854 quae
302 2777 476 2832 latinlffimae
497 2793 524 2832 et
545 2795 640 2829 aureae
662 2774 744 2850 plane
766 2777 860 2831 aetatis
883 2779 963 2838 [un't;
990 2780 1117 2850 quamvis
1140 2799 1196 2832 non

210 2848 364 2920 negaveris,
382 2865 432 2928 per
456 2847 578 2899 rhetores
600 2843 764 2906 Africanos,
785 2846 835 2918 qui
858 2848 961 2898 Romae
984 2845 1033 2900 sub
1055 2848 1096 2903 M.
1113 2850 1198 2902 Anto·

210 2923 281 2970 uino
299 2915 470 2990 potillrrnurn
489 2911 651 2974 floruerint,
670 2913 773 2966 formas
792 2913 932 2970 Africanas
948 2915 1103 2972 inval‘uill'e.
1131 2918 1197 2971 vid.

210 2982 525 3042 Scraoannmannusl.
541 2981 561 3035 l.
579 2984 602 3043 Ι,
620 2988 661 3039 61.
698 2980 741 3036 Cf.
757 2981 840 3034 etiarn
867 2983 953 3036 Index
972 2983 1117 3038 latinitatis
1132 2987 1198 3040 Ter·

195 3053 358 3105 'tullianeae
372 3051 403 3103 in
419 3051 485 3104 edit.
501 3050 627 3124 Operum
650 3047 820 3104 Tertulliani
835 3052 1000 3126 Rigaltiana,
1021 3069 1047 3106 et
1068 3053 1097 3112 F.
1111 3055 1199 3107 Mata-

161 3124 186 3162 ι’
210 3138 273 3173 ran
303 3122 455 3175 Primord.
479 3120 558 3174 Eccl.
580 3119 744 3186 Africanae
774 3127 887 3193 p.·133.
916 3154 945 3165 -
967 3125 1005 3176 ,A
1028 3123 1127 3178 Secnlo
1150 3126 1198 3182 lV.

213 3204 332 3250 eternae
347 3187 471 3244 invaluit
493 3189 558 3244 ulus
582 3205 689 3241 vocum
713 3180 901 3244 barbararum.
1202 3187 1205 3196 ⁴

586 3355 631 3456 §.⁴
673 3362 736 3438 aa

293 3509 332 3596 Q)
360 3514 421 3576 De
450 3475 556 3595 stilo
586 3495 761 3576 Petrum
790 3507 1031 3581 Ecclesiae.

385 3643 429 3702 cf.
454 3647 580 3702 Warcrt
606 3648 682 3703 Bibl.
707 3642 822 3716 palrift.
858 3652 883 3719 §d
907 3653 950 3706 69.

230 3777 357 3865 stylus
375 3773 572 3870 Scriptoris
599 3773 831 3870 conspicitur
856 3773 896 3845 in
917 3777 1036 3861 modo
1055 3795 1093 3848 et
1112 3805 1200 3849 con-

131 3875 349 3958 suetudine,
388 3901 501 3968 quam
531 3875 572 3944 in
603 3875 819 3970 eloquendo
852 3877 939 3946 libri
975 3901 1200 3976 argumento

132 3975 312 4046 observat.
363 3977 496 4047 Varius
524 3972 573 4048 est
598 4001 669 4073 pro
703 3977 858 4074 ingenio
889 3997 927 4048 et
953 3981 1097 4077 ingenii
1125 3987 1202 4055 cul-

113 4097 236 4158 tura,
280 4099 351 4174 pro
396 4078 618 4150 eruditionis
655 4097 691 4148 et
723 4077 835 4150 lludii
866 4084 1032 4166 ratione,
1076 4085 1128 4156 ita
1162 4097 1226 4160 ut'

130 4179 290 4273 qrritqne
316 4178 552 4274 Scriptorum
580 4177 718 4273 liylum
747 4180 813 4250 libi
838 4185 1041 4280 proprium
1075 4208 1113 4260 et
1138 4213 1204 4286 pe-

129 4283 308 4352 culiarem
350 4281 555 4374 habeat*).
627 4291 676 4354 Ut
715 4283 754 4368 in
791 4285 906 4368 animi
950 4287 1079 4362 indole
1122 4289 1205 4384 styli
