<?xml version="1.0" encoding="UTF-8"?>
<!DOCTYPE html PUBLIC "-//W3C//DTD XHTML 1.0 Transitional//EN"
    "http://www.w3.org/TR/xhtml1/DTD/xhtml1-transitional.dtd">
<html xmlns="http://www.w3.org/1999/xhtml" xml:lang="en" lang="en">
 <head>
  <title>
</title>
<meta http-equiv="Content-Type" content="text/html;charset=utf-8" />
  <meta name='ocr-system' content='tesseract 3.04.00' />
  <meta name='ocr-capabilities' content='ocr_page ocr_carea ocr_par ocr_line ocrx_word'/>
</head>
<body>
  <div class='ocr_page' id='page_1' title='image "./initiadoctrinae00danzgoog_0091.png"; bbox 0 0 2898 5008; ppageno 0'>
   <div class='ocr_carea' id='block_1_1' title="bbox 261 411 1248 508">
    <p class='ocr_par' dir='ltr' id='par_1_1' title="bbox 261 411 1248 508">
     <span class='ocr_line' id='line_1_1' title="bbox 261 411 1248 508; baseline -0.006 -12"><span class='ocrx_word' id='word_1_1' title='bbox 261 423 313 496; x_wconf 78' lang='lat'><strong>20</strong></span> <span class='ocrx_word' id='word_1_2' title='bbox 400 419 513 492; x_wconf 76' lang='lat' dir='ltr'><strong>Pras</strong></span> <span class='ocrx_word' id='word_1_3' title='bbox 536 416 567 489; x_wconf 91' lang='lat'><strong>1.</strong></span> <span class='ocrx_word' id='word_1_4' title='bbox 611 413 736 488; x_wconf 77' lang='lat' dir='ltr'><strong>Sacr.</strong></span> <span class='ocrx_word' id='word_1_5' title='bbox 760 414 790 486; x_wconf 91' lang='lat'><strong>1.</strong></span> <span class='ocrx_word' id='word_1_6' title='bbox 835 411 936 490; x_wconf 79' lang='lat' dir='ltr'><strong>Car.</strong></span> <span class='ocrx_word' id='word_1_7' title='bbox 962 419 991 487; x_wconf 86' lang='lat'><strong>1.</strong></span> <span class='ocrx_word' id='word_1_8' title='bbox 1032 411 1248 508; x_wconf 78' lang='lat'><strong>§.25.26..</strong></span> 
     </span>
    </p>
   </div>
   <div class='ocr_carea' id='block_1_2' title="bbox 146 599 1436 1814">
    <p class='ocr_par' dir='ltr' id='par_1_2' title="bbox 264 599 1436 702">
     <span class='ocr_line' id='line_1_2' title="bbox 264 599 1436 702; baseline -0.008 -21"><span class='ocrx_word' id='word_1_9' title='bbox 264 627 337 681; x_wconf 88' lang='lat' dir='ltr'><strong>tur.</strong></span> <span class='ocrx_word' id='word_1_10' title='bbox 379 609 424 678; x_wconf 89' lang='lat' dir='ltr'><strong>In</strong></span> <span class='ocrx_word' id='word_1_11' title='bbox 453 602 645 699; x_wconf 87' lang='lat' dir='ltr'><strong>aliquibus</strong></span> <span class='ocrx_word' id='word_1_12' title='bbox 679 601 782 674; x_wconf 87' lang='lat' dir='ltr'><strong>enim</strong></span> <span class='ocrx_word' id='word_1_13' title='bbox 811 600 1003 673; x_wconf 87' lang='lat' dir='ltr'><strong>literarum</strong></span> <span class='ocrx_word' id='word_1_14' title='bbox 1029 599 1155 674; x_wconf 85' lang='lat' dir='ltr'><strong>forma</strong></span> <span class='ocrx_word' id='word_1_15' title='bbox 1183 605 1337 702; x_wconf 84' lang='lat' dir='ltr'><strong>elegan-</strong></span> <span class='ocrx_word' id='word_1_16' title='bbox 1435 629 1436 688; x_wconf 66' lang='lat' dir='ltr'><strong>y</strong></span> 
     </span>
    </p>

    <p class='ocr_par' dir='ltr' id='par_1_3' title="bbox 149 702 1436 1306">
     <span class='ocr_line' id='line_1_3' title="bbox 149 702 1436 796; baseline -0.005 -12"><span class='ocrx_word' id='word_1_17' title='bbox 149 753 153 764; x_wconf 93' lang='lat'><em>·</em></span> <span class='ocrx_word' id='word_1_18' title='bbox 264 713 342 784; x_wconf 89' lang='lat' dir='ltr'><strong>tior</strong></span> <span class='ocrx_word' id='word_1_19' title='bbox 369 704 420 780; x_wconf 85' lang='lat' dir='ltr'><strong>est</strong></span> <span class='ocrx_word' id='word_1_20' title='bbox 446 725 485 776; x_wconf 90' lang='lat' dir='ltr'><strong>et</strong></span> <span class='ocrx_word' id='word_1_21' title='bbox 509 703 758 786; x_wconf 84' lang='lat' dir='ltr'>luculentior,</span> <span class='ocrx_word' id='word_1_22' title='bbox 793 702 833 771; x_wconf 92' lang='lat' dir='ltr'><strong>in</strong></span> <span class='ocrx_word' id='word_1_23' title='bbox 866 703 1054 796; x_wconf 83' lang='lat' dir='ltr'>aliquibus</span> <span class='ocrx_word' id='word_1_24' title='bbox 1091 706 1333 778; x_wconf 87' lang='lat' dir='ltr'><strong>econtrario</strong></span> <span class='ocrx_word' id='word_1_25' title='bbox 1435 709 1436 794; x_wconf 58' lang='grc' dir='ltr'><strong>ξ</strong></span> 
     </span>
     <span class='ocr_line' id='line_1_4' title="bbox 262 803 1337 910; baseline -0.004 -29"><span class='ocrx_word' id='word_1_26' title='bbox 262 808 519 910; x_wconf 79' lang='lat' dir='ltr'><strong>negligentior</strong></span> <span class='ocrx_word' id='word_1_27' title='bbox 546 805 795 888; x_wconf 82' lang='lat' dir='ltr'><strong>et,&#39;hebetior;</strong></span> <span class='ocrx_word' id='word_1_28' title='bbox 827 803 866 872; x_wconf 91' lang='lat' dir='ltr'><strong>iu</strong></span> <span class='ocrx_word' id='word_1_29' title='bbox 892 805 1089 874; x_wconf 83' lang='lat' dir='ltr'><strong>nonnullis</strong></span> <span class='ocrx_word' id='word_1_30' title='bbox 1115 803 1337 877; x_wconf 77' lang='lat' dir='ltr'><strong>accuratissi-</strong></span> 
     </span>
     <span class='ocr_line' id='line_1_5' title="bbox 264 905 1362 1006; baseline -0.015 -18"><span class='ocrx_word' id='word_1_31' title='bbox 264 938 326 988; x_wconf 84' lang='lat' dir='ltr'><strong>ma</strong></span> <span class='ocrx_word' id='word_1_32' title='bbox 363 908 556 1006; x_wconf 78' lang='lat' dir='ltr'><strong>diligentia</strong></span> <span class='ocrx_word' id='word_1_33' title='bbox 588 907 799 986; x_wconf 86' lang='lat' dir='ltr'><strong>literarum,</strong></span> <span class='ocrx_word' id='word_1_34' title='bbox 842 928 961 997; x_wconf 86' lang='lat' dir='ltr'><strong>usque</strong></span> <span class='ocrx_word' id='word_1_35' title='bbox 996 905 1042 974; x_wconf 89' lang='lat' dir='ltr'><strong>ad</strong></span> <span class='ocrx_word' id='word_1_36' title='bbox 1068 905 1170 1000; x_wconf 84' lang='lat' dir='ltr'><strong>ipsos</strong></span> <span class='ocrx_word' id='word_1_37' title='bbox 1207 909 1362 978; x_wconf 84' lang='lat' dir='ltr'><strong>arebe-.</strong></span> 
     </span>
     <span class='ocr_line' id='line_1_6' title="bbox 265 1005 1436 1110; baseline -0.006 -25"><span class='ocrx_word' id='word_1_38' title='bbox 265 1013 351 1110; x_wconf 82' lang='lat' dir='ltr'><strong>typi</strong></span> <span class='ocrx_word' id='word_1_39' title='bbox 368 1033 512 1080; x_wconf 87' lang='lat' dir='ltr'><strong>errores</strong></span> <span class='ocrx_word' id='word_1_40' title='bbox 536 1007 758 1102; x_wconf 83' lang='lat' dir='ltr'><strong>repetendos</strong></span> <span class='ocrx_word' id='word_1_41' title='bbox 778 1005 937 1087; x_wconf 83' lang='lat' dir='ltr'><strong>extensa,</strong></span> <span class='ocrx_word' id='word_1_42' title='bbox 959 1025 1129 1102; x_wconf 85' lang='lat' dir='ltr'><strong>apparet,</strong></span> <span class='ocrx_word' id='word_1_43' title='bbox 1152 1008 1336 1079; x_wconf 89' lang='lat' dir='ltr'><strong>nonnulli</strong></span> <span class='ocrx_word' id='word_1_44' title='bbox 1435 1083 1436 1092; x_wconf 39' lang='lat'><strong>,</strong></span> 
     </span>
     <span class='ocr_line' id='line_1_7' title="bbox 264 1102 1335 1205; baseline -0.007 -19"><span class='ocrx_word' id='word_1_45' title='bbox 264 1138 355 1186; x_wconf 86' lang='lat' dir='ltr'><strong>vcro</strong></span> <span class='ocrx_word' id='word_1_46' title='bbox 382 1112 437 1182; x_wconf 78' lang='lat' dir='ltr'><strong>de&#39;</strong></span> <span class='ocrx_word' id='word_1_47' title='bbox 453 1110 526 1180; x_wconf 84' lang='lat' dir='ltr'><strong>lide</strong></span> <span class='ocrx_word' id='word_1_48' title='bbox 551 1103 761 1200; x_wconf 79' lang='lat' dir='ltr'><strong>archetypis</strong></span> <span class='ocrx_word' id='word_1_49' title='bbox 789 1102 1001 1200; x_wconf 85' lang='lat' dir='ltr'><strong>praestanda</strong></span> <span class='ocrx_word' id='word_1_50' title='bbox 1029 1109 1144 1205; x_wconf 84' lang='lat' dir='ltr'><strong>longe</strong></span> <span class='ocrx_word' id='word_1_51' title='bbox 1163 1109 1335 1179; x_wconf 90' lang='lat' dir='ltr'><strong>incurio-</strong></span> 
     </span>
     <span class='ocr_line' id='line_1_8' title="bbox 263 1207 1335 1306; baseline -0.007 -19"><span class='ocrx_word' id='word_1_52' title='bbox 263 1215 357 1298; x_wconf 76' lang='lat' dir='ltr'><strong>sius,</strong></span> <span class='ocrx_word' id='word_1_53' title='bbox 400 1211 612 1283; x_wconf 83' lang='lat' dir='ltr'><strong>Scribarum</strong></span> <span class='ocrx_word' id='word_1_54' title='bbox 638 1209 790 1279; x_wconf 87' lang='lat' dir='ltr'><strong>levitate</strong></span> <span class='ocrx_word' id='word_1_55' title='bbox 817 1207 878 1277; x_wconf 86' lang='lat' dir='ltr'><strong>vel</strong></span> <span class='ocrx_word' id='word_1_56' title='bbox 897 1207 1123 1301; x_wconf 74' lang='lat' dir='ltr'><strong>ignorantia,</strong></span> <span class='ocrx_word' id='word_1_57' title='bbox 1152 1233 1335 1306; x_wconf 82' lang='lat' dir='ltr'><strong>arrogan-</strong></span> 
     </span>
    </p>

    <p class='ocr_par' dir='ltr' id='par_1_4' title="bbox 146 1307 1436 1814">
     <span class='ocr_line' id='line_1_9' title="bbox 146 1307 1436 1391; baseline -0.003 -3"><span class='ocrx_word' id='word_1_58' title='bbox 146 1325 149 1328; x_wconf 80' lang='grc'><strong>’</strong></span> <span class='ocrx_word' id='word_1_59' title='bbox 263 1319 316 1389; x_wconf 87' lang='lat' dir='ltr'><strong>tia</strong></span> <span class='ocrx_word' id='word_1_60' title='bbox 344 1314 456 1386; x_wconf 87' lang='lat' dir='ltr'><strong>etiam</strong></span> <span class='ocrx_word' id='word_1_61' title='bbox 484 1329 520 1381; x_wconf 90' lang='lat' dir='ltr'><strong>et</strong></span> <span class='ocrx_word' id='word_1_62' title='bbox 545 1309 752 1391; x_wconf 77' lang='lat' dir='ltr'><strong>insolentia,</strong></span> <span class='ocrx_word' id='word_1_63' title='bbox 781 1307 922 1376; x_wconf 84' lang='lat' dir='ltr'><strong>exarati</strong></span> <span class='ocrx_word' id='word_1_64' title='bbox 949 1309 1044 1379; x_wconf 83' lang='lat' dir='ltr'><strong>l&#39;unt.</strong></span> <span class='ocrx_word' id='word_1_65' title='bbox 1097 1311 1263 1382; x_wconf 87' lang='lat' dir='ltr'><strong>Varietas</strong></span> <span class='ocrx_word' id='word_1_66' title='bbox 1289 1313 1335 1382; x_wconf 92' lang='lat' dir='ltr'><strong>in</strong></span> <span class='ocrx_word' id='word_1_67' title='bbox 1435 1361 1436 1384; x_wconf 51' lang='lat' dir='ltr'><strong>r</strong></span> 
     </span>
     <span class='ocr_line' id='line_1_10' title="bbox 262 1407 1436 1516; baseline -0.007 -30"><span class='ocrx_word' id='word_1_68' title='bbox 262 1415 468 1516; x_wconf 81' lang='lat' dir='ltr'><strong>pingendis</strong></span> <span class='ocrx_word' id='word_1_69' title='bbox 500 1409 618 1480; x_wconf 87' lang='lat' dir='ltr'><strong>literis</strong></span> <span class='ocrx_word' id='word_1_70' title='bbox 653 1408 699 1479; x_wconf 88' lang='lat' dir='ltr'><strong>ab</strong></span> <span class='ocrx_word' id='word_1_71' title='bbox 732 1427 850 1478; x_wconf 87' lang='lat' dir='ltr'><strong>aetate</strong></span> <span class='ocrx_word' id='word_1_72' title='bbox 876 1425 913 1478; x_wconf 90' lang='lat' dir='ltr'><strong>et</strong></span> <span class='ocrx_word' id='word_1_73' title='bbox 933 1408 1053 1504; x_wconf 89' lang='lat' dir='ltr'><strong>patria</strong></span> <span class='ocrx_word' id='word_1_74' title='bbox 1070 1407 1104 1498; x_wconf 76' lang='lat'><strong>⁴¹)</strong></span> <span class='ocrx_word' id='word_1_75' title='bbox 1132 1411 1332 1496; x_wconf 85' lang='lat' dir='ltr'><strong>Codicum,</strong></span> <span class='ocrx_word' id='word_1_76' title='bbox 1435 1439 1436 1478; x_wconf 76' lang='lat'>1</span> 
     </span>
     <span class='ocr_line' id='line_1_11' title="bbox 245 1507 1331 1602; baseline -0.007 -11"><span class='ocrx_word' id='word_1_77' title='bbox 245 1545 334 1602; x_wconf 65' lang='lat' dir='ltr'><strong>,nec</strong></span> <span class='ocrx_word' id='word_1_78' title='bbox 358 1539 440 1598; x_wconf 86' lang='lat' dir='ltr'><strong>nou</strong></span> <span class='ocrx_word' id='word_1_79' title='bbox 474 1513 684 1584; x_wconf 88' lang='lat' dir='ltr'><strong>Scribarum</strong></span> <span class='ocrx_word' id='word_1_80' title='bbox 718 1507 992 1579; x_wconf 86' lang='lat' dir='ltr'><strong>consuetudine</strong></span> <span class='ocrx_word' id='word_1_81' title='bbox 1027 1510 1228 1582; x_wconf 89' lang='lat' dir='ltr'><strong>derivanda</strong></span> <span class='ocrx_word' id='word_1_82' title='bbox 1264 1509 1331 1583; x_wconf 86' lang='lat' dir='ltr'><strong>est.</strong></span> 
     </span>
     <span class='ocr_line' id='line_1_12' title="bbox 265 1609 1332 1708; baseline -0.008 -16"><span class='ocrx_word' id='word_1_83' title='bbox 265 1619 440 1700; x_wconf 82' lang='lat' dir='ltr'><strong>Codices,</strong></span> <span class='ocrx_word' id='word_1_84' title='bbox 486 1614 552 1708; x_wconf 90' lang='lat' dir='ltr'><strong>qni</strong></span> <span class='ocrx_word' id='word_1_85' title='bbox 592 1613 631 1680; x_wconf 91' lang='lat' dir='ltr'><strong>in</strong></span> <span class='ocrx_word' id='word_1_86' title='bbox 671 1609 1036 1682; x_wconf 75' lang='lat' dir='ltr'><strong>memor&#39;abilioribus</strong></span> <span class='ocrx_word' id='word_1_87' title='bbox 1081 1612 1332 1684; x_wconf 89' lang='lat' dir='ltr'><strong>Lectionibus</strong></span> 
     </span>
     <span class='ocr_line' id='line_1_13' title="bbox 264 1705 1332 1814; baseline -0.007 -22"><span class='ocrx_word' id='word_1_88' title='bbox 264 1718 527 1800; x_wconf 87' lang='lat' dir='ltr'><strong>consentiunt,</strong></span> <span class='ocrx_word' id='word_1_89' title='bbox 569 1711 753 1783; x_wconf 87' lang='lat' dir='ltr'><strong>Codicum</strong></span> <span class='ocrx_word' id='word_1_90' title='bbox 777 1709 979 1782; x_wconf 45' lang='lat' dir='ltr'><strong>*familiam</strong></span> <span class='ocrx_word' id='word_1_91' title='bbox 1016 1711 1240 1814; x_wconf 79' lang='lat' dir='ltr'><strong>constituere</strong></span> <span class='ocrx_word' id='word_1_92' title='bbox 1275 1705 1332 1785; x_wconf 88' lang='lat' dir='ltr'><strong>di-</strong></span> 
     </span>
    </p>
   </div>
   <div class='ocr_carea' id='block_1_3' title="bbox 263 1813 487 1914">
    <p class='ocr_par' dir='ltr' id='par_1_5' title="bbox 263 1813 487 1914">
     <span class='ocr_line' id='line_1_14' title="bbox 263 1813 487 1914; baseline -0.036 -20"><span class='ocrx_word' id='word_1_93' title='bbox 263 1839 402 1914; x_wconf 78' lang='lat' dir='ltr'><strong>cuntur</strong></span> <span class='ocrx_word' id='word_1_94' title='bbox 417 1813 487 1905; x_wconf 76' lang='lat'><strong>**).</strong></span> 
     </span>
    </p>
   </div>
   <div class='ocr_carea' id='block_1_4' title="bbox 296 2040 1334 2938">
    <p class='ocr_par' dir='ltr' id='par_1_6' title="bbox 296 2040 1334 2938">
     <span class='ocr_line' id='line_1_15' title="bbox 296 2040 1334 2122; baseline -0.004 -21"><span class='ocrx_word' id='word_1_95' title='bbox 296 2051 326 2122; x_wconf 61' lang='lat'><strong>⁴)</strong></span> <span class='ocrx_word' id='word_1_96' title='bbox 349 2045 456 2108; x_wconf 80' lang='lat' dir='ltr'><strong>Patria,</strong></span> <span class='ocrx_word' id='word_1_97' title='bbox 476 2061 558 2118; x_wconf 85' lang='lat' dir='ltr'><strong>quam</strong></span> <span class='ocrx_word' id='word_1_98' title='bbox 576 2040 658 2096; x_wconf 83' lang='lat' dir='ltr'><strong>latini</strong></span> <span class='ocrx_word' id='word_1_99' title='bbox 679 2041 795 2096; x_wconf 80' lang='lat' dir='ltr'><strong>Codices</strong></span> <span class='ocrx_word' id='word_1_100' title='bbox 813 2040 847 2095; x_wconf 81' lang='lat' dir='ltr'><strong>acl</strong></span> <span class='ocrx_word' id='word_1_101' title='bbox 865 2059 955 2095; x_wconf 86' lang='lat' dir='ltr'><strong>unum</strong></span> <span class='ocrx_word' id='word_1_102' title='bbox 973 2058 1068 2097; x_wconf 80' lang='lat' dir='ltr'><strong>omnes</strong></span> <span class='ocrx_word' id='word_1_103' title='bbox 1086 2057 1256 2118; x_wconf 81' lang='lat' dir='ltr'><strong>agnoscunt,</strong></span> <span class='ocrx_word' id='word_1_104' title='bbox 1283 2043 1334 2097; x_wconf 80' lang='lat' dir='ltr'><strong>lita</strong></span> 
     </span>
     <span class='ocr_line' id='line_1_16' title="bbox 330 2109 1331 2188; baseline -0.006 -18"><span class='ocrx_word' id='word_1_105' title='bbox 330 2115 368 2170; x_wconf 80' lang='lat' dir='ltr'><strong>eft</strong></span> <span class='ocrx_word' id='word_1_106' title='bbox 391 2117 424 2168; x_wconf 91' lang='lat' dir='ltr'><strong>in</strong></span> <span class='ocrx_word' id='word_1_107' title='bbox 455 2111 615 2188; x_wconf 82' lang='lat' dir='ltr'><strong>proviuciis</strong></span> <span class='ocrx_word' id='word_1_108' title='bbox 633 2113 759 2184; x_wconf 87' lang='lat' dir='ltr'><strong>Europae</strong></span> <span class='ocrx_word' id='word_1_109' title='bbox 791 2109 986 2173; x_wconf 85' lang='lat' dir='ltr'><strong>occidentalis,</strong></span> <span class='ocrx_word' id='word_1_110' title='bbox 1021 2111 1154 2187; x_wconf 83' lang='lat' dir='ltr'><strong>inprimis</strong></span> <span class='ocrx_word' id='word_1_111' title='bbox 1181 2112 1213 2163; x_wconf 90' lang='lat' dir='ltr'><strong>in</strong></span> <span class='ocrx_word' id='word_1_112' title='bbox 1238 2109 1331 2172; x_wconf 79' lang='lat' dir='ltr'><strong>Italia,</strong></span> 
     </span>
     <span class='ocr_line' id='line_1_17' title="bbox 330 2178 1333 2254; baseline -0.004 -16"><span class='ocrx_word' id='word_1_113' title='bbox 330 2183 439 2244; x_wconf 87' lang='lat' dir='ltr'><strong>Gallia,</strong></span> <span class='ocrx_word' id='word_1_114' title='bbox 467 2179 613 2233; x_wconf 77' lang='lat' dir='ltr'><strong>Germania</strong></span> <span class='ocrx_word' id='word_1_115' title='bbox 638 2178 773 2253; x_wconf 82' lang='lat' dir='ltr'><strong>superiori</strong></span> <span class='ocrx_word' id='word_1_116' title='bbox 798 2195 825 2232; x_wconf 90' lang='lat' dir='ltr'><strong>et</strong></span> <span class='ocrx_word' id='word_1_117' title='bbox 839 2178 981 2232; x_wconf 87' lang='lat' dir='ltr'><strong>Helvetiae</strong></span> <span class='ocrx_word' id='word_1_118' title='bbox 1005 2179 1130 2254; x_wconf 85' lang='lat' dir='ltr'><strong>partibus</strong></span> <span class='ocrx_word' id='word_1_119' title='bbox 1156 2178 1277 2232; x_wconf 79' lang='lat' dir='ltr'><strong>Galliam</strong></span> <span class='ocrx_word' id='word_1_120' title='bbox 1302 2195 1333 2234; x_wconf 77' lang='lat' dir='ltr'><strong>et</strong></span> 
     </span>
     <span class='ocr_line' id='line_1_18' title="bbox 329 2246 1333 2324; baseline -0.006 -17"><span class='ocrx_word' id='word_1_121' title='bbox 329 2251 508 2308; x_wconf 82' lang='lat' dir='ltr'><strong>Germaniam</strong></span> <span class='ocrx_word' id='word_1_122' title='bbox 526 2248 653 2323; x_wconf 85' lang='lat' dir='ltr'><strong>proxime</strong></span> <span class='ocrx_word' id='word_1_123' title='bbox 671 2246 870 2318; x_wconf 85' lang='lat' dir='ltr'><strong>adjacentibus,</strong></span> <span class='ocrx_word' id='word_1_124' title='bbox 896 2247 998 2322; x_wconf 85' lang='lat' dir='ltr'><strong>quibus</strong></span> <span class='ocrx_word' id='word_1_125' title='bbox 1016 2249 1047 2300; x_wconf 94' lang='lat' dir='ltr'><strong>in</strong></span> <span class='ocrx_word' id='word_1_126' title='bbox 1067 2249 1148 2302; x_wconf 86' lang='lat' dir='ltr'><strong>terris</strong></span> <span class='ocrx_word' id='word_1_127' title='bbox 1166 2265 1249 2322; x_wconf 87' lang='lat' dir='ltr'><strong>quam</strong></span> <span class='ocrx_word' id='word_1_128' title='bbox 1266 2247 1333 2324; x_wconf 83' lang='lat' dir='ltr'><strong>plu·</strong></span> 
     </span>
     <span class='ocr_line' id='line_1_19' title="bbox 328 2314 1328 2391; baseline -0.005 -17"><span class='ocrx_word' id='word_1_129' title='bbox 328 2322 399 2378; x_wconf 75' lang='lat' dir='ltr'><strong>rimi</strong></span> <span class='ocrx_word' id='word_1_130' title='bbox 423 2339 458 2371; x_wconf 86' lang='lat' dir='ltr'><strong>ex</strong></span> <span class='ocrx_word' id='word_1_131' title='bbox 475 2316 603 2370; x_wconf 79' lang='lat' dir='ltr'><strong>manibus</strong></span> <span class='ocrx_word' id='word_1_132' title='bbox 620 2314 753 2369; x_wconf 78' lang='lat' dir='ltr'><strong>Ecclesiae</strong></span> <span class='ocrx_word' id='word_1_133' title='bbox 771 2318 921 2370; x_wconf 85' lang='lat' dir='ltr'><strong>Lectorum</strong></span> <span class='ocrx_word' id='word_1_134' title='bbox 946 2315 1122 2391; x_wconf 85' lang='lat' dir='ltr'><strong>aliorumque</strong></span> <span class='ocrx_word' id='word_1_135' title='bbox 1141 2317 1328 2385; x_wconf 79' lang='lat' dir='ltr'><strong>clericorum,</strong></span> 
     </span>
     <span class='ocr_line' id='line_1_20' title="bbox 330 2383 1332 2458; baseline -0.006 -14"><span class='ocrx_word' id='word_1_136' title='bbox 330 2406 358 2444; x_wconf 87' lang='lat' dir='ltr'><strong>et</strong></span> <span class='ocrx_word' id='word_1_137' title='bbox 376 2387 581 2441; x_wconf 77' lang='lat' dir='ltr'><strong>Monadtorum</strong></span> <span class='ocrx_word' id='word_1_138' title='bbox 608 2385 854 2437; x_wconf 91' lang='lat' dir='ltr'><strong>Benedictiuorum</strong></span> <span class='ocrx_word' id='word_1_139' title='bbox 884 2384 1056 2458; x_wconf 88' lang='lat' dir='ltr'><strong>prodierunt.</strong></span> <span class='ocrx_word' id='word_1_140' title='bbox 1094 2383 1209 2439; x_wconf 81' lang='lat' dir='ltr'><strong>Codices</strong></span> <span class='ocrx_word' id='word_1_141' title='bbox 1237 2386 1332 2456; x_wconf 80' lang='lat' dir='ltr'><strong>graeci</strong></span> 
     </span>
     <span class='ocr_line' id='line_1_21' title="bbox 329 2451 1330 2526; baseline -0.005 -14"><span class='ocrx_word' id='word_1_142' title='bbox 329 2477 414 2519; x_wconf 79' lang='lat' dir='ltr'><strong>vero,</strong></span> <span class='ocrx_word' id='word_1_143' title='bbox 439 2457 458 2508; x_wconf 85' lang='lat' dir='ltr'><strong>st</strong></span> <span class='ocrx_word' id='word_1_144' title='bbox 483 2453 590 2526; x_wconf 83' lang='lat' dir='ltr'><strong>aliquot</strong></span> <span class='ocrx_word' id='word_1_145' title='bbox 614 2453 735 2508; x_wconf 76' lang='lat' dir='ltr'><strong>eximere</strong></span> <span class='ocrx_word' id='word_1_146' title='bbox 760 2452 847 2513; x_wconf 85' lang='lat' dir='ltr'><strong>velis,</strong></span> <span class='ocrx_word' id='word_1_147' title='bbox 880 2452 913 2505; x_wconf 87' lang='lat' dir='ltr'><strong>ad</strong></span> <span class='ocrx_word' id='word_1_148' title='bbox 939 2453 1121 2508; x_wconf 83' lang='lat' dir='ltr'><strong>occidentales</strong></span> <span class='ocrx_word' id='word_1_149' title='bbox 1139 2451 1330 2508; x_wconf 82' lang='lat' dir='ltr'><strong>Bibliotheeas</strong></span> 
     </span>
     <span class='ocr_line' id='line_1_22' title="bbox 330 2519 1330 2601; baseline -0.006 -19"><span class='ocrx_word' id='word_1_150' title='bbox 330 2524 478 2601; x_wconf 83' lang='lat' dir='ltr'><strong>adportari,</strong></span> <span class='ocrx_word' id='word_1_151' title='bbox 505 2522 655 2574; x_wconf 85' lang='lat' dir='ltr'><strong>maximam</strong></span> <span class='ocrx_word' id='word_1_152' title='bbox 681 2537 786 2594; x_wconf 88' lang='lat' dir='ltr'><strong>partem</strong></span> <span class='ocrx_word' id='word_1_153' title='bbox 814 2519 1032 2574; x_wconf 81' lang='lat' dir='ltr'><strong>eBibliothecie</strong></span> <span class='ocrx_word' id='word_1_154' title='bbox 1050 2522 1237 2596; x_wconf 82' lang='lat' dir='ltr'><strong>imperatoriis</strong></span> <span class='ocrx_word' id='word_1_155' title='bbox 1256 2523 1330 2577; x_wconf 88' lang='lat' dir='ltr'><strong>Con-</strong></span> 
     </span>
     <span class='ocr_line' id='line_1_23' title="bbox 327 2588 1334 2666; baseline -0.003 -19"><span class='ocrx_word' id='word_1_156' title='bbox 327 2589 579 2666; x_wconf 84' lang='lat' dir='ltr'><strong>stautinopolitanis</strong></span> <span class='ocrx_word' id='word_1_157' title='bbox 605 2590 722 2642; x_wconf 84' lang='lat' dir='ltr'><strong>Romam</strong></span> <span class='ocrx_word' id='word_1_158' title='bbox 744 2588 856 2654; x_wconf 81' lang='lat' dir='ltr'><strong>¹aduecti</strong></span> <span class='ocrx_word' id='word_1_159' title='bbox 881 2589 960 2658; x_wconf 77' lang='lat' dir='ltr'><strong>sunt3</strong></span> <span class='ocrx_word' id='word_1_160' title='bbox 990 2609 1024 2642; x_wconf 89' lang='lat' dir='ltr'><strong>ne</strong></span> <span class='ocrx_word' id='word_1_161' title='bbox 1050 2609 1123 2644; x_wconf 85' lang='lat' dir='ltr'><strong>unus</strong></span> <span class='ocrx_word' id='word_1_162' title='bbox 1154 2590 1268 2665; x_wconf 90' lang='lat' dir='ltr'><strong>quidem</strong></span> <span class='ocrx_word' id='word_1_163' title='bbox 1294 2611 1334 2644; x_wconf 78' lang='lat' dir='ltr'><strong>ex</strong></span> 
     </span>
     <span class='ocr_line' id='line_1_24' title="bbox 327 2653 1325 2777; baseline -0.006 -61"><span class='ocrx_word' id='word_1_164' title='bbox 327 2678 424 2720; x_wconf 85' lang='lat' dir='ltr'><strong>monte</strong></span> <span class='ocrx_word' id='word_1_165' title='bbox 445 2660 539 2724; x_wconf 62' lang='lat' dir='ltr'><strong>Atho,</strong></span> <span class='ocrx_word' id='word_1_166' title='bbox 568 2657 669 2731; x_wconf 87' lang='lat' dir='ltr'><strong>pauci,</strong></span> <span class='ocrx_word' id='word_1_167' title='bbox 699 2656 743 2732; x_wconf 83' lang='lat' dir='ltr'><strong>sed</strong></span> <span class='ocrx_word' id='word_1_168' title='bbox 752 2653 922 2777; x_wconf 63' lang='lat' dir='ltr'><strong>(praecipui,</strong></span> <span class='ocrx_word' id='word_1_169' title='bbox 950 2675 984 2710; x_wconf 84' lang='lat' dir='ltr'><strong>ex</strong></span> <span class='ocrx_word' id='word_1_170' title='bbox 1000 2659 1144 2740; x_wconf 83' lang='lat' dir='ltr'><strong>Aegypto,</strong></span> <span class='ocrx_word' id='word_1_171' title='bbox 1171 2658 1325 2720; x_wconf 86' lang='lat' dir='ltr'><strong>Palaestina,</strong></span> 
     </span>
     <span class='ocr_line' id='line_1_25' title="bbox 329 2723 1324 2804; baseline -0.008 -18"><span class='ocrx_word' id='word_1_172' title='bbox 329 2732 407 2804; x_wconf 87' lang='lat' dir='ltr'><strong>Syria</strong></span> <span class='ocrx_word' id='word_1_173' title='bbox 433 2728 466 2781; x_wconf 88' lang='lat' dir='ltr'><strong>ad</strong></span> <span class='ocrx_word' id='word_1_174' title='bbox 490 2745 540 2779; x_wconf 86' lang='lat' dir='ltr'><strong>nos</strong></span> <span class='ocrx_word' id='word_1_175' title='bbox 564 2736 708 2779; x_wconf 73' lang='lat' dir='ltr'><strong>venerunt.</strong></span> <span class='ocrx_word' id='word_1_176' title='bbox 778 2725 848 2778; x_wconf 86' lang='lat' dir='ltr'><strong>raeci</strong></span> <span class='ocrx_word' id='word_1_177' title='bbox 875 2723 1009 2788; x_wconf 83' lang='lat' dir='ltr'><strong>Codices,</strong></span> <span class='ocrx_word' id='word_1_178' title='bbox 1043 2747 1092 2800; x_wconf 86' lang='lat' dir='ltr'><strong>qut</strong></span> <span class='ocrx_word' id='word_1_179' title='bbox 1117 2727 1149 2779; x_wconf 92' lang='lat' dir='ltr'><strong>in</strong></span> <span class='ocrx_word' id='word_1_180' title='bbox 1174 2726 1324 2781; x_wconf 85' lang='lat' dir='ltr'><strong>Occidente</strong></span> 
     </span>
     <span class='ocr_line' id='line_1_26' title="bbox 328 2793 1323 2876; baseline -0.005 -22"><span class='ocrx_word' id='word_1_181' title='bbox 328 2801 488 2854; x_wconf 85' lang='lat' dir='ltr'><strong>Scribarum</strong></span> <span class='ocrx_word' id='word_1_182' title='bbox 507 2793 641 2848; x_wconf 89' lang='lat' dir='ltr'><strong>industria</strong></span> <span class='ocrx_word' id='word_1_183' title='bbox 657 2794 758 2846; x_wconf 82' lang='lat' dir='ltr'><strong>exarati</strong></span> <span class='ocrx_word' id='word_1_184' title='bbox 785 2795 865 2856; x_wconf 86' lang='lat' dir='ltr'><strong>lunt,</strong></span> <span class='ocrx_word' id='word_1_185' title='bbox 891 2809 922 2847; x_wconf 90' lang='lat' dir='ltr'><strong>ut</strong></span> <span class='ocrx_word' id='word_1_186' title='bbox 942 2809 987 2848; x_wconf 90' lang='lat' dir='ltr'><strong>ote</strong></span> <span class='ocrx_word' id='word_1_187' title='bbox 1004 2813 1019 2848; x_wconf 85' lang='lat' dir='ltr'><strong>a</strong></span> <span class='ocrx_word' id='word_1_188' title='bbox 1037 2795 1197 2876; x_wconf 77' lang='lat' dir='ltr'><strong>peregrinae</strong></span> <span class='ocrx_word' id='word_1_189' title='bbox 1214 2795 1323 2870; x_wconf 78' lang='lat' dir='ltr'><strong>liuguae</strong></span> 
     </span>
     <span class='ocr_line' id='line_1_27' title="bbox 319 2863 1205 2938; baseline -0.003 -15"><span class='ocrx_word' id='word_1_190' title='bbox 319 2865 513 2927; x_wconf 68' lang='lat' dir='ltr'><strong>nominibus,</strong></span> <span class='ocrx_word' id='word_1_191' title='bbox 532 2878 641 2917; x_wconf 90' lang='lat' dir='ltr'><strong>tantum</strong></span> <span class='ocrx_word' id='word_1_192' title='bbox 660 2879 717 2914; x_wconf 90' lang='lat' dir='ltr'><strong>non</strong></span> <span class='ocrx_word' id='word_1_193' title='bbox 734 2881 830 2916; x_wconf 88' lang='lat' dir='ltr'><strong>omnes</strong></span> <span class='ocrx_word' id='word_1_194' title='bbox 848 2881 912 2927; x_wconf 84' lang='lat' dir='ltr'><strong>men</strong></span> <span class='ocrx_word' id='word_1_195' title='bbox 933 2865 1003 2916; x_wconf 80' lang='lat' dir='ltr'><strong>osius</strong></span> <span class='ocrx_word' id='word_1_196' title='bbox 1021 2863 1117 2938; x_wconf 82' lang='lat' dir='ltr'><strong>scripti</strong></span> <span class='ocrx_word' id='word_1_197' title='bbox 1134 2863 1205 2920; x_wconf 86' lang='lat' dir='ltr'><strong>sitnt.</strong></span> 
     </span>
    </p>
   </div>
   <div class='ocr_carea' id='block_1_5' title="bbox 220 2961 1331 3180">
    <p class='ocr_par' dir='ltr' id='par_1_7' title="bbox 220 2961 1331 3180">
     <span class='ocr_line' id='line_1_28' title="bbox 256 2961 1330 3047; baseline 0.006 -33"><span class='ocrx_word' id='word_1_198' title='bbox 256 2977 257 2986; x_wconf 59' lang='lat'>¹</span> <span class='ocrx_word' id='word_1_199' title='bbox 293 2977 337 3047; x_wconf 74' lang='grc' dir='ltr'><strong>οι)</strong></span> <span class='ocrx_word' id='word_1_200' title='bbox 361 2971 403 3027; x_wconf 86' lang='lat' dir='ltr'><strong>ef.</strong></span> <span class='ocrx_word' id='word_1_201' title='bbox 429 2969 456 3026; x_wconf 90' lang='lat' dir='ltr'><strong>J.</strong></span> <span class='ocrx_word' id='word_1_202' title='bbox 483 2968 553 3045; x_wconf 69' lang='lat' dir='ltr'><strong>Jac.⁸</strong></span> <span class='ocrx_word' id='word_1_203' title='bbox 578 2964 761 3045; x_wconf 64' lang='lat' dir='ltr'><strong>Garaaaacu</strong></span> <span class='ocrx_word' id='word_1_204' title='bbox 792 2966 986 3020; x_wconf 81' lang='lat' dir='ltr'><strong>Meletemata</strong></span> <span class='ocrx_word' id='word_1_205' title='bbox 1016 2966 1052 3021; x_wconf 83' lang='lat' dir='ltr'><strong>de</strong></span> <span class='ocrx_word' id='word_1_206' title='bbox 1078 2961 1200 3031; x_wconf 81' lang='lat' dir='ltr'><strong>vetustis</strong></span> <span class='ocrx_word' id='word_1_207' title='bbox 1223 2973 1330 3020; x_wconf 75' lang='lat' dir='ltr'><strong>textus</strong></span> 
     </span>
     <span class='ocr_line' id='line_1_29' title="bbox 220 3034 1331 3103; baseline -0.005 -7"><span class='ocrx_word' id='word_1_208' title='bbox 220 3087 224 3102; x_wconf 89' lang='grc'><em>,</em></span> <span class='ocrx_word' id='word_1_209' title='bbox 329 3043 369 3100; x_wconf 89' lang='grc' dir='ltr'><strong>Ν.</strong></span> <span class='ocrx_word' id='word_1_210' title='bbox 392 3040 425 3095; x_wconf 89' lang='grc' dir='ltr'><strong>Τ.</strong></span> <span class='ocrx_word' id='word_1_211' title='bbox 444 3035 681 3103; x_wconf 55' lang='lat' dir='ltr'><strong>recemundus,-</strong></span> <span class='ocrx_word' id='word_1_212' title='bbox 706 3053 738 3086; x_wconf 83' lang='grc' dir='ltr'><strong>ιιι</strong></span> <span class='ocrx_word' id='word_1_213' title='bbox 763 3035 871 3090; x_wconf 81' lang='lat' dir='ltr'><strong>Erusn.</strong></span> <span class='ocrx_word' id='word_1_214' title='bbox 891 3035 1095 3091; x_wconf 81' lang='lat' dir='ltr'><strong>Commentar.</strong></span> <span class='ocrx_word' id='word_1_215' title='bbox 1120 3034 1187 3090; x_wconf 70' lang='lat' dir='ltr'><strong>crit.</strong></span> <span class='ocrx_word' id='word_1_216' title='bbox 1211 3035 1245 3089; x_wconf 84' lang='lat' dir='ltr'><strong>in</strong></span> <span class='ocrx_word' id='word_1_217' title='bbox 1263 3043 1331 3090; x_wconf 70' lang='lat' dir='ltr'><strong>tex·</strong></span> 
     </span>
     <span class='ocr_line' id='line_1_30' title="bbox 329 3103 777 3180; baseline -0.007 -19"><span class='ocrx_word' id='word_1_218' title='bbox 329 3121 398 3180; x_wconf 72' lang='lat' dir='ltr'><strong>rum</strong></span> <span class='ocrx_word' id='word_1_219' title='bbox 414 3123 513 3180; x_wconf 83' lang='lat' dir='ltr'><strong>graec.</strong></span> <span class='ocrx_word' id='word_1_220' title='bbox 532 3105 572 3160; x_wconf 87' lang='grc' dir='ltr'><strong>Ν.</strong></span> <span class='ocrx_word' id='word_1_221' title='bbox 594 3105 628 3159; x_wconf 84' lang='grc' dir='ltr'><strong>Τ.</strong></span> <span class='ocrx_word' id='word_1_222' title='bbox 651 3103 722 3158; x_wconf 87' lang='lat' dir='ltr'><strong>Part.</strong></span> <span class='ocrx_word' id='word_1_223' title='bbox 740 3103 777 3158; x_wconf 91' lang='lat'><strong>11.</strong></span> 
     </span>
    </p>
   </div>
   <div class='ocr_carea' id='block_1_6' title="bbox 259 3243 1329 3404">
    <p class='ocr_par' dir='ltr' id='par_1_8' title="bbox 259 3243 1329 3404">
     <span class='ocr_line' id='line_1_31' title="bbox 259 3243 1329 3404; baseline -0.015 -21"><span class='ocrx_word' id='word_1_224' title='bbox 259 3305 302 3404; x_wconf 75' lang='lat'><strong>2)</strong></span> <span class='ocrx_word' id='word_1_225' title='bbox 326 3243 717 3380; x_wconf 67' lang='lat' dir='ltr'><strong>PeiEditiones</strong></span> <span class='ocrx_word' id='word_1_226' title='bbox 746 3307 851 3367; x_wconf 86' lang='lat' dir='ltr'><strong>arte</strong></span> <span class='ocrx_word' id='word_1_227' title='bbox 877 3291 1329 3396; x_wconf 85' lang='lat' dir='ltr'><strong>typographorum</strong></span> 
     </span>
    </p>
   </div>
   <div class='ocr_carea' id='block_1_7' title="bbox 447 3414 1392 3639">
    <p class='ocr_par' dir='ltr' id='par_1_9' title="bbox 447 3275 1433 3704">
     <span class='ocr_line' id='line_1_32' title="bbox 447 3414 1392 3512; baseline 0.003 -19"><span class='ocrx_word' id='word_1_228' title='bbox 447 3509 451 3512; x_wconf 19' lang='grc' dir='ltr'>Ι</span> <span class='ocrx_word' id='word_1_229' title='bbox 621 3414 946 3494; x_wconf 83' lang='lat' dir='ltr'><strong>fabrefactas.</strong></span> <span class='ocrx_word' id='word_1_230' title='bbox 1151 3435 1154 3448; x_wconf 85' lang='grc'><strong>“</strong></span> <span class='ocrx_word' id='word_1_231' title='bbox 1386 3425 1392 3438; x_wconf 83' lang='grc'><em>“</em></span> 
     </span>
     <span class='ocr_line' id='line_1_33' title="bbox 517 3559 1075 3639; baseline -0.001 -15"><span class='ocrx_word' id='word_1_232' title='bbox 517 3567 645 3639; x_wconf 70' lang='lat' dir='ltr'><strong>Warcra</strong></span> <span class='ocrx_word' id='word_1_233' title='bbox 668 3563 745 3620; x_wconf 76' lang='lat' dir='ltr'><strong>Bitt.</strong></span> <span class='ocrx_word' id='word_1_234' title='bbox 768 3559 883 3636; x_wconf 80' lang='lat' dir='ltr'><strong>patrist.</strong></span> <span class='ocrx_word' id='word_1_235' title='bbox 907 3567 930 3636; x_wconf 66' lang='lat' dir='ltr'><strong>s.</strong></span> <span class='ocrx_word' id='word_1_236' title='bbox 949 3567 1075 3626; x_wconf 79' lang='lat'><strong>11-21.</strong></span> 
     </span>
    </p>
   </div>
   <div class='ocr_carea' id='block_1_8' title="bbox 719 3724 870 3813">
    <p class='ocr_par' dir='ltr' id='par_1_10' title="bbox 719 3724 870 3813">
     <span class='ocr_line' id='line_1_34' title="bbox 719 3724 870 3813; baseline -0.02 -13"><span class='ocrx_word' id='word_1_237' title='bbox 719 3725 756 3813; x_wconf 75' lang='lat'><strong>§-</strong></span> <span class='ocrx_word' id='word_1_238' title='bbox 808 3724 870 3800; x_wconf 80' lang='lat'><strong>26.</strong></span> 
     </span>
    </p>
   </div>
   <div class='ocr_carea' id='block_1_9' title="bbox 257 3858 1327 4102">
    <p class='ocr_par' dir='ltr' id='par_1_11' title="bbox 257 3858 1327 4102">
     <span class='ocr_line' id='line_1_35' title="bbox 257 3858 1327 3976; baseline -0.022 -14"><span class='ocrx_word' id='word_1_239' title='bbox 257 3858 524 3971; x_wconf 82' lang='lat' dir='ltr'><strong>Editiones,</strong></span> <span class='ocrx_word' id='word_1_240' title='bbox 553 3877 755 3952; x_wconf 80' lang='lat' dir='ltr'><strong>Codices</strong></span> <span class='ocrx_word' id='word_1_241' title='bbox 781 3877 915 3976; x_wconf 77' lang='lat' dir='ltr'><strong>typis</strong></span> <span class='ocrx_word' id='word_1_242' title='bbox 940 3869 1182 3974; x_wconf 75' lang='lat' dir='ltr'><strong>exscripti,</strong></span> <span class='ocrx_word' id='word_1_243' title='bbox 1234 3882 1327 3950; x_wconf 79' lang='lat' dir='ltr'><strong>Ea.</strong></span> 
     </span>
     <span class='ocr_line' id='line_1_36' title="bbox 415 3983 1290 4102; baseline -0.014 -21"><span class='ocrx_word' id='word_1_244' title='bbox 415 3985 419 3990; x_wconf 25' lang='grc' dir='ltr'>Ι</span> <span class='ocrx_word' id='word_1_245' title='bbox 484 4031 583 4080; x_wconf 84' lang='lat' dir='ltr'><strong>rum</strong></span> <span class='ocrx_word' id='word_1_246' title='bbox 609 3983 1087 4102; x_wconf 17' lang='lat' dir='ltr'><strong>rontineflntta&#39;varia.</strong></span> <span class='ocrx_word' id='word_1_247' title='bbox 1283 3989 1290 4002; x_wconf 62' lang='lat'>⁸</span> 
     </span>
    </p>
   </div>
   <div class='ocr_carea' id='block_1_10' title="bbox 254 4133 1325 4443">
    <p class='ocr_par' dir='ltr' id='par_1_12' title="bbox 254 4133 1325 4443">
     <span class='ocr_line' id='line_1_37' title="bbox 357 4133 1325 4236; baseline -0.01 -16"><span class='ocrx_word' id='word_1_248' title='bbox 357 4144 533 4220; x_wconf 86' lang='lat' dir='ltr'><strong>Editores</strong></span> <span class='ocrx_word' id='word_1_249' title='bbox 561 4145 726 4236; x_wconf 87' lang='lat' dir='ltr'><strong>Operum</strong></span> <span class='ocrx_word' id='word_1_250' title='bbox 751 4133 1046 4236; x_wconf 85' lang='lat' dir='ltr'><strong>patristicorum,</strong></span> <span class='ocrx_word' id='word_1_251' title='bbox 1074 4155 1118 4206; x_wconf 90' lang='lat' dir='ltr'><strong>ut</strong></span> <span class='ocrx_word' id='word_1_252' title='bbox 1145 4138 1325 4211; x_wconf 90' lang='lat' dir='ltr'><strong>omnium</strong></span> 
     </span>
     <span class='ocr_line' id='line_1_38' title="bbox 256 4239 1324 4336; baseline -0.015 -11"><span class='ocrx_word' id='word_1_253' title='bbox 256 4267 432 4326; x_wconf 84' lang='lat' dir='ltr'><strong>veterum</strong></span> <span class='ocrx_word' id='word_1_254' title='bbox 448 4245 644 4326; x_wconf 89' lang='lat' dir='ltr'><strong>librorum,</strong></span> <span class='ocrx_word' id='word_1_255' title='bbox 670 4239 880 4336; x_wconf 85' lang='lat' dir='ltr'><strong>Scribarum</strong></span> <span class='ocrx_word' id='word_1_256' title='bbox 896 4239 1017 4309; x_wconf 87' lang='lat' dir='ltr'><strong>vicem</strong></span> <span class='ocrx_word' id='word_1_257' title='bbox 1037 4239 1198 4332; x_wconf 85' lang='lat' dir='ltr'><strong>explent.</strong></span> <span class='ocrx_word' id='word_1_258' title='bbox 1215 4241 1324 4314; x_wconf 86' lang='lat' dir='ltr'><strong>&#39;Edi-</strong></span> 
     </span>
     <span class='ocr_line' id='line_1_39' title="bbox 254 4337 1321 4443; baseline -0.03 -17"><span class='ocrx_word' id='word_1_259' title='bbox 254 4355 378 4428; x_wconf 81' lang='lat' dir='ltr'><strong>tiones</strong></span> <span class='ocrx_word' id='word_1_260' title='bbox 411 4347 515 4422; x_wconf 86' lang='lat' dir='ltr'><strong>enim</strong></span> <span class='ocrx_word' id='word_1_261' title='bbox 546 4367 619 4443; x_wconf 87' lang='lat' dir='ltr'><strong>pro</strong></span> <span class='ocrx_word' id='word_1_262' title='bbox 644 4337 866 4425; x_wconf 72' lang='lat' dir='ltr'><strong>(lodicibus,</strong></span> <span class='ocrx_word' id='word_1_263' title='bbox 900 4364 980 4424; x_wconf 84' lang='lat' dir='ltr'><strong>nort</strong></span> <span class='ocrx_word' id='word_1_264' title='bbox 1014 4341 1157 4420; x_wconf 83' lang='lat' dir='ltr'><strong>calamo</strong></span> <span class='ocrx_word' id='word_1_265' title='bbox 1190 4339 1321 4414; x_wconf 83' lang='lat' dir='ltr'><strong>exseri.</strong></span> 
     </span>
    </p>
   </div>
   <div class='ocr_carea' id='block_1_11' title="bbox 0 0 1454 5008">
    <p class='ocr_par' dir='ltr' id='par_1_13' title="bbox 0 0 1454 5008">
     <span class='ocr_line' id='line_1_40' title="bbox 0 0 1454 5008; baseline 0 1"><span class='ocrx_word' id='word_1_266' title='bbox 0 0 1454 5008; x_wconf 95' lang='lat' dir='ltr'><strong> </strong></span> 
     </span>
    </p>
   </div>
  </div>
 </body>
</html>
