2898 5008
262 414 318 524 58Ι
401 419 515 493 Pane
540 419 608 494 ΙΙΙ.
654 419 778 495 sicr.
801 419 833 495 1.
877 417 1055 498 canu.
1096 362 1132 515 §ss
1157 421 1234 500 67:

345 593 443 650 lienda
464 595 609 671 republica
631 595 804 652 ecclesiastica
828 595 956 654 adversus
977 599 1121 656 &etatum
1148 613 1177 656 et
1197 599 1346 656 Schisma·

268 681 270 690 ·
346 665 469 720 cicorum
494 681 625 728 conatus,
655 667 730 720 etin
749 665 925 722 Otthodoxia
942 668 1075 722 Ecclesiae
1100 667 1252 724 catholicae
1270 689 1347 724 con·

345 731 481 787 firmanda
498 733 625 788 adversus
642 735 802 788 Haereticne
819 737 942 790 maxime
959 755 1027 792 occu
1049 753 1107 805 ata,
1129 735 1262 792 Periodus
1281 742 1346 793 Ρο-

346 803 527 870 lcmicorum
544 801 682 858 recutiet
699 821 788 878 usque
805 803 840 857 ad
857 801 941 858 finem
959 807 1017 862 Sec.
1058 809 1079 864 l.
1097 807 1225 881 protrahi
1239 808 1345 882 potest.

293 905 371 975 Μ)
398 906 431 957 ln
446 904 535 958 Patria
550 903 725 967 videndum,
753 925 822 980 quae
841 904 921 960 Coeli
938 921 1052 970 natura,
1080 907 1156 982 quod
1173 875 1344 962 Iniolarum

344 972 506 1046 ingenium,
526 973 589 1046 quis
608 972 742 1028 Ecclesiae
760 990 787 1028 et
804 974 951 1048 religionis
970 975 1132 1032 christianae
1149 975 1243 1038 status,
1265 995 1344 1052 quae

344 1039 490 1098 literarum
515 1058 542 1095 et
559 1040 723 1123 linguarum
740 1041 830 1096 studia
855 1059 883 1096 et
908 1043 1035 1113 cultura,
1062 1063 1131 1120 quae
1155 1047 1251 1098 omnia
1269 1045 1344 1120 plus

330 1110 441 1164 ¹miuus
475 1109 581 1164 diversa
604 1131 636 1164 ru
662 1109 779 1164 Oriente
802 1126 830 1164 et
854 1109 1026 1176 Occidente,
1061 1113 1135 1188 apud
1161 1113 1278 1167 Graecos
1309 1130 1344 1168 et
1426 1123 1428 1128 ’

342 1180 500 1247 Romanos,
525 1197 620 1252 graece
644 1194 671 1232 et
688 1177 775 1252 latine
793 1179 956 1254 loquentes,
982 1181 1015 1234 iu
1033 1182 1175 1263 Aegypto,
1200 1184 1260 1246 Asia
1277 1183 1341 1236 mi·

326 1265 430 1310 ¹nore,
461 1247 484 1299 S⁴
500 1247 572 1316 rita„
596 1245 727 1309 Graecia,
767 1248 862 1310 ltalia,
898 1247 1006 1312 Gallia,
1025 1251 1193 1324 ¹Hispania,
1228 1249 1341 1306 Africa.

342 1316 438 1370 Etiam
463 1268 499 1369 ad
515 1313 561 1391 Op
582 1315 780 1378 emunitatem,
800 1313 962 1386 εὐκαιρίαν,
983 1335 1037 1392 qua
1054 1319 1095 1371 uli
1110 1321 1174 1372 sunt
1192 1321 1282 1372 Patres
1302 1319 1341 1372 in

342 1383 540 1460 computande
573 1383 696 1438 octrime
720 1399 748 1438 et
772 1385 940 1438 eruditionis
965 1405 978 1438 a
1000 1403 1098 1460 paratu
1122 1402 1149 1441 et
1166 1389 1284 1441 omnino
1303 1387 1341 1442 in

341 1453 485 1508 tractando
511 1450 657 1506 literarum
681 1452 789 1516 studio,
816 1449 865 1507 ubi
893 1453 926 1506 de
950 1407 1059 1508 Scholia
1085 1473 1152 1530 quas
1177 1455 1341 1529 frequenta·

341 1517 438 1583 runt,
456 1537 484 1576 et
513 1520 548 1574 de
573 1521 814 1596 Praeceptoribus,
849 1540 918 1596 quos
945 1523 1036 1576 sortiti
1064 1525 1145 1586 sunt,
1180 1543 1193 1577 a
1215 1525 1337 1590 eradunt.

274 1587 281 1598 ”
341 1589 507 1644 Scholarum
527 1590 603 1644 enim
625 1589 731 1644 diversa
747 1589 818 1643 ratio
836 1606 862 1644 et
880 1589 951 1643 disci
976 1591 1043 1647 lina.
1078 1591 1173 1646 Aliam
1222 1607 1336 1648 octores

340 1658 475 1712 Ecclesiae
510 1653 674 1712 instituendi
709 1659 844 1712 rationem
885 1613 1076 1714 adhibuerunt
1114 1661 1335 1728 Alexandrinae,

326 1726 427 1796 ¹uliam
451 1726 659 1788 Antiochense,
687 1727 882 1790 CaesareenstS,
908 1727 1055 1782 Edessenae
1072 1729 1238 1784 Scholarum
1277 1750 1337 1783 rae-

340 1794 416 1850 secti.
451 1796 544 1848 Etiam
564 1797 773 1869 Praeceptorum
790 1795 982 1876 singulorum,
1002 1797 1176 1861 liberorum,
1195 1751 1337 1874 Sopliista-
1421 1833 1424 1842 ι

339 1883 425 1931 rum,
445 1857 621 1918 clericorum
637 1863 731 1918 varius
751 1863 870 1917 docenda
888 1879 915 1918 et
931 1864 1097 1936 instituendi
1114 1865 1225 1923 modus.
1248 1893 1250 1898 v

320 1939 323 1948 ι

287 1966 321 2039 ⁴5)
345 1965 389 2020 Ad
414 1965 545 2020 habitum
563 1967 676 2019 Petrum
699 1965 846 2019 internum
872 1965 948 2042 quod
976 1968 1094 2042 spectat,
1123 1969 1218 2044 primo
1235 1970 1267 2022 in
1288 1971 1336 2024 ui·

331 2033 464 2090 ¹rendum
482 2033 518 2087 est
535 2033 567 2088 in
586 2052 683 2086 eorum
701 2034 848 2108 ingenium
867 2051 894 2089 et
913 2037 1019 2090 sensum
1039 2038 1183 2091 nativum:
1201 2058 1236 2090 au
1253 1989 1334 2092 illud

339 2120 455 2160 acutum
480 2119 528 2156 aut
551 2103 693 2164 retusum,
727 2102 865 2156 eximium
890 2119 938 2164 aut
965 2121 1064 2164 tenuet
1098 2106 1147 2160 hic
1170 2121 1262 2159 aunem
1292 2127 1344 2164 au.

339 2172 466 2248 stupidus
498 2185 546 2224 aut
569 2171 735 2230 vehemens,
770 2170 875 2246 probus
902 2183 958 2226 aut¹
976 2175 1118 2248 perversus
1148 2190 1175 2228 et
1200 2194 1270 2248 quae
1295 2176 1330 2229 iu

337 2257 459 2316 utroque
477 2239 511 2294 de
528 2238 624 2292 indole
642 2238 758 2314 populi,
791 2259 877 2314 quem
898 2242 943 2294 hau
965 2242 1031 2296 uiue
1049 2243 1227 2316 contingunt,
1247 2263 1332 2319 appa·

337 2307 551 2378 reat.,·Deinde
573 2308 683 2364 animus
709 2308 894 2364 advertendus
920 2323 956 2364 et
981 2311 1015 2364 ad
1039 2312 1149 2386 ingenii
1174 2311 1328 2372 culturum,

337 2394 436 2439 utrum
460 2376 536 2432 malo
555 2392 736 2451 corruptum,
762 2396 797 2430 au
815 2375 889 2430 bono
906 2377 1073 2442 excultum,
1098 2395 1203 2433 utrum.
1214 2379 1330 2434 fortuna

328 2445 456 2504 ⁸secunda
481 2445 585 2501 elatum
611 2465 646 2498 au
671 2444 780 2500 adversa
807 2445 840 2498 de
864 2446 979 2510 tellum,
1006 2447 1057 2502 ubi
1082 2449 1165 2502 etium
1185 2449 1219 2502 de
1237 2469 1329 2502 excut-

249 2525 253 2534 '
295 2581 297 2586 Α
335 2515 400 2592 plis'
418 2517 507 2570 sermo
531 2513 692 2576 faciendus,
717 2533 786 2588 quae
811 2467 875 2588 iplls
900 2531 962 2568 ante
992 2515 1088 2570 oculos
1106 2519 1265 2579 versatum,
1299 2535 1327 2572 et

337 2600 515 2640 momentum
540 2581 706 2636 laciendum,
725 2582 871 2646 avaritiae,
900 2583 999 2646 sallus,
1025 2583 1206 2646 ambitionis,
1236 2587 1327 2640 domi-

334 2653 423 2709 nandi
441 2651 584 2728 cupidinis
602 2650 785 2705 Clericorum.
819 2651 895 2706 Tum
914 2671 979 2705 cura
996 2652 1170 2723 adhibenda,
1194 2659 1228 2708 'ut
1244 2655 1327 2708 iutel-

334 2721 474 2797 ligamus‚
508 2725 577 2795 quie
602 2721 715 2772 Patrum
740 2719 846 2774 luerint
873 2719 1014 2774 doctrinae
1039 2737 1067 2776 et
1094 2723 1187 2776 omnis
1214 2725 1322 2796 generis

334 2790 519 2846 humanitatis
545 2787 650 2856 studia,
676 2787 871 2862 philosophiae
902 2787 933 2842 in
956 2789 1054 2854 rimie,
1086 2791 1233 2854 historiae,
1269 2791 1320 2844 liu-

334 2879 464 2935 guae-um.
498 2857 632 2930 Denique
657 2855 777 2938 quaestio
802 2810 971 2912 instituenda
999 2858 1034 2912 de
1058 2857 1112 2914 stde
1135 2879 1233 2914 eorttm
1260 2859 1323 2914 reli·

334 2929 428 3003 giosa,
454 2941 553 2981 utrum
578 2925 694 2980 rationis
719 2923 828 2996 judicio
844 2926 876 2980 iu
899 2925 964 3001 ipsas
983 2944 1044 2982 nata
1061 2930 1111 2991 fit,
1141 2949 1176 2982 au
1193 2949 1228 2981 ex
1245 2929 1324 2982 Alio-

332 3018 400 3053 rum
434 2997 596 3052 auctoritate
628 2993 769 3068 profecta,
801 3013 852 3048 nec
887 3014 945 3048 nou
969 3011 1066 3050 utrum
1082 3009 1164 3050 ‘cum
1190 2997 1325 3118 Ecppesus

265 3066 268 3076 '
333 3063 461 3120 doctrina
478 3063 647 3124 consentiat,
673 3082 708 3116 au
733 3061 768 3116 ab
793 3059 857 3137 ipsa'
877 3079 905 3118 et
950 3064 1034 3118 uibus
1051 3066 1083 3118 iu
1101 3064 1184 3119 rebus
1203 3066 1233 3118 di
1258 3081 1323 3121 erut.

332 3134 400 3192 Vid.
419 3133 561 3186 Wrnren
585 3131 664 3186 sirit.
683 3133 786 3256 &esch
813 3134 842 3187 d.
867 3085 991 3268 iilffen
1012 3135 1137 3206 Zeugen
1161 3154 1192 3191 u.
1209 3136 1325 3192 Lelner

332 3205 385 3263 des
404 3201 644 3271 Christ'eutbums
660 3221 719 3256 nec
758 3203 817 3257 den
835 3204 900 3274 Apo
914 3205 975 3258 teln
993 3221 1022 3276 p·
1036 3209 1098 3262 Ι155.
1300 3206 1301 3216 ’

280 3308 332 3380 ††)
358 3306 529 3380 Scriptores,
556 3303 607 3377 qui
634 3301 669 3358 ad
695 3292 872 3372 elabbrandas
898 3305 1012 3361 Petrum
1037 3303 1117 3362 Vitas
1144 3304 1268 3360 studium
1295 3299 1336 3361 et'

333 3394 446 3450 operam
470 3373 667 3436 contulerunt,
693 3373 756 3426 sunt
774 3371 821 3427 vel
837 3388 948 3428 contem
971 3372 1057 3428 orales
1082 3389 1109 3428 et
1125 3389 1247 3436 veteres,
1273 3375 1322 3430 vel

332 3441 512 3509 recentiorem
547 3441 633 3495 antici
662 3439 710 3494 vel
742 3440 898 3499 adversarii.
948 3394 995 3496 iic
1019 3442 1148 3497 Pontius
1176 3443 1323 3496 Diacouus

333 3512 435 3569 Cartha
457 3511 572 3573 'neniis,
599 3509 736 3586 Cypriani
752 3526 913 3585 temporum
938 3509 1077 3584 aequalis,
1106 3510 1139 3564 de
1157 3509 1245 3565 huius
1259 3511 1322 3566 uita

262 3589 265 3594 '
406 3530 504 3634 allidere
529 3593 731 3633 commentatus
757 3578 815 3642 est,
841 3595 869 3634 et
889 3579 1046 3650 Gregorii,
1074 3577 1266 3634 Nazianzenus
1292 3596 1336 3642 et,

236 3689 240 3699 ,
328 3598 485 3775 iipiseuuQ
514 3646 689 3704 orationibus
713 3645 880 3702 funebribus
907 3647 1004 3702 Basilii
1029 3647 1128 3721 Magni
1153 3648 1322 3702 memoriam

328 3738 360 3776 ce
373 3720 512 3774 ebrarunt.
548 3715 691 3771 Habemus
715 3731 743 3770 et
762 3715 964 3790 Confesfiones
981 3718 1113 3771 Petrum
1138 3715 1173 3770 de
1193 3717 1341 3791 ipsorum'

328 3791 405 3845 vitat
440 3788 608 3853 Ephreemi
631 3783 705 3858 Syri
728 3783 924 3839 Narrationem
950 3783 985 3838 ad
1009 3784 1162 3840 Monachos
1188 3785 1222 3839 de
1247 3786 1321 3842 Con·

328 3857 441 3917 sessione
464 3855 528 3917 susa
562 3854 702 3927 Gregorii
727 3853 913 3913 Nazianzeni
932 3852 1055 3926 ,Carmen
1079 3853 1114 3908 de
1142 3853 1200 3908 vita
1222 3855 1268 3908 sua
1292 3869 1321 3908 et

327 3947 380 4004 per
403 3925 500 3980 omnia
525 3922 633 3980 saecula
655 3919 802 3976 celebratas
821 3920 1006 3992 Conseslioues
1030 3919 1207 3996 Augustini.
1242 3925 1323 3985 Inter,

321 3995 495 4051 -recentiores
513 3991 707 4068 praecaeteris
724 3989 858 4044 laudandi
875 3994 910 4046 A.
927 3991 1082 4054 Neander,
1104 3993 1135 4046 C.
1154 3993 1317 4056 Ullmnnri,

330 4069 365 4122 F.
394 4065 438 4121 W.
464 4063 609 4134 Betlberg
636 4079 701 4114 cum
727 4057 818 4122 Aliis,
849 4078 970 4134 quorum
997 4059 1201 4114 Commentarii
1225 4073 1318 4114 extant

326 4135 362 4190 de
383 4131 590 4193 Tertulliano,
612 4125 840 4202 Chrysostomo‚
867 4130 895 4184 S.
920 4129 1118 4191 Bernlaurclo',
1143 4128 1177 4182 de
1204 4128 1317 4198 Grego-

284 4220 287 4233 '
328 4203 375 4260 rio
400 4201 612 4260 illationzeno,
634 4195 812 4270 Cypriane,
839 4193 1021 4264 Athemfiv,
1047 4195 1158 4264 Bafilio
1183 4195 1314 4265 Magno,

330 4270 461 4344 Origene
485 4283 537 4323 etc.
573 4267 719 4320 Caeterum
748 4265 784 4323 ci.
810 4264 844 4318 de
867 4265 919 4319 luc
937 4266 1050 4322 nauteria
1067 4265 1135 4320 Stra.
1152 4265 1315 4316 Enuannr

327 4343 394 4396 Ilus
411 4339 512 4396 Leben
530 4336 597 4392 und
608 4335 693 4408 scine
709 4335 940 4410 Besclueihunga
976 4331 1106 4396 Norisnb.
1125 4339 1201 4394 816.x
