2898 5008
123 1175 150 1190 ”
271 1171 985 1352 Praelatio
1078 1205 1174 1376 ·

45 1497 49 1509 A
89 1473 184 1618 Iam
208 1533 346 1616 multo¹
375 1553 480 1627 ante,
505 1508 646 1636 quam
671 1535 723 1612 ad
757 1563 911 1623 novam
936 1530 1160 1617 editionem

89 1677 360 1752 Bibliothecae
389 1673 613 1775 pa'tristicae
646 1663 905 1748 Walchianae
937 1674 1158 1774 parandam

86 1837 112 1884 a
127 1811 365 1911 Bibliopola,
390 1811 488 1886 Viro
507 1805 790 1898 honestiffimo,
816 1809 1009 1888 excitatus
1027 1808 1159 1901 essem,
1216 1879 1220 1886 .

90 1946 140 2026 de
166 1945 508 2048 praelectionibus
545 1945 837 2042 cogitaveram,
877 1944 1023 2042 quibus
1049 1949 1161 2022 Wal-

90 2082 183 2156 chio
207 2081 321 2156 *duce
366 2079 569 2154 auditores
604 2077 654 2152 ad
685 2081 850 2182 Patrum
882 2065 1162 2158 ecclefiasticoss
1291 2109 1293 2116 ¹

86 2242 187 2294 rum·
197 2213 374 2290 studium
391 2231 691 2316 praepararem,
706 2213 918 2290 Walcbius
937 2216 1046 2290 enim
1060 2237 1158 2318 prae

88 2352 256 2434 caeteris
275 2352 310 2429 is
327 2350 431 2427 mibi
449 2346 524 2424 elle
541 2331 767 2438 videbatur,
788 2367 910 2446 quem
927 2348 955 2422 fi
970 2349 1160 2448 sequerer

87 2486 293 2562 auditores
322 2485 462 2576 adid,
508 2483 620 2584 quod
644 2485 748 2562 mihi
784 2482 1035 2586 propositum
1061 2503 1159 2578 erat,

83 2623 238 2696 minori
262 2623 430 2722 negotio
454 2619 679 2721 perducere
704 2615 869 2720 possem.
922 2622 1003 2696 Sed
1020 2603 1074 2698 Tut
1100 2621 1159 2716 fit,

85 2783 182 2831 cum
226 2747 375 2832 tibr'um
423 2722 647 2830 accuratius
695 2757 819 2857 paulo
857 2753 1158 2858 perlustrarem,

64 2883 285 2966 'nonnulla
327 2889 619 2992 deprehendo,
663 2915 765 2988 quae
812 2891 863 2967 ad
902 2891 1160 2995 superiorum

83 3040 316 3126 temporum
340 3024 493 3124 magis,
515 3023 713 3122 quemad
736 3027 964 3137 nostrorum
992 3029 1160 3106 consue·

82 3155 269 3235 tudinem
303 3157 409 3234 dicta
449 3153 525 3232 etse
559 3175 599 3234 et
634 3159 685 3236 ad
717 3147 887 3239 instituti
921 3165 1004 3240 mei
1036 3166 1160 3242 ratio-

82 3321 181 3369 nem
216 3296 351 3372 minus
393 3276 600 3408 pertinere
631 3290 733 3370 mihi
765 3277 1026 3398 riderentur,
1067 3303 1157 3396 alia,

83 3430 232 3528 quibus
258 3425 489 3529 adstipulari
514 3431 749 3530 nequirem,
784 3436 908 3510 totius
929 3419 1035 3514 'vero
1063 3463 1160 3540 ope·
1180 3466 1211 3550 x·
1293 3449 1297 3456 '

80 3564 140 3638 ris
182 3562 499 3664 dispositionem,
527 3563 575 3640 ab
619 3591 668 3642 eo
705 3568 849 3662 ordine
891 3572 1157 3666 aberrantem,

33 3672 37 3676 ’
82 3723 206 3795 quem
245 3677 490 3774 servandum
524 3700 634 3775 ⁴mihi
680 3700 756 3777 effe
798 3707 985 3807 opinatus
1034 3732 1157 3786 eram.
1256 3725 1264 3734 “

80 3833 297 3912 Mutabam
323 3813 421 3934 ergo
449 3834 662 3913 confilium
686 3837 732 3914 in
755 3811 876 3918 hunoss
892 3842 1084 3936 modum,
1111 3851 1159 3923 'ut

79 3993 182 4064 non,
218 3967 330 4064 qnod
354 3969 489 4070 primo
517 3972 728 4064 volebam,
763 3974 951 4052 Walchio
988 3977 1090 4056 duce
1118 4000 1166 4058 et·
1243 4006 1256 4018 ·“

77 4099 241 4203 auspice
258 4091 462 4198 WalclriO,
486 4104 570 4200 sed,
599 4108 711 4207 quod
731 4111 942 4210 optimum·
960 4107 1071 4193 factu
1095 4125 1158 4212 iu-

77 4237 286 4328 dicabam,
326 4240 515 4318 Walchio
553 4244 702 4322 comite
730 4260 782 4336 vet
818 4246 1025 4341 adiutore,
1069 4281 1157 4342 rem
1260 4360 1264 4371 Χ
1368 4325 1374 4334 .

74 4397 214 4448 meam
241 4373 405 4476 exsequi
427 4375 726 4456 constituerem·
926 4487 945 4561 ¹
