2898 5008
924 49 945 112 ε,
996 57 1044 136 ’.ς

208 390 319 464 Pius
337 337 573 464 lIIsSiror.
600 381 629 452 Ι.
674 379 772 453 en.
799 383 845 455 11.
886 381 1078 473 §.tutu
1140 382 1189 464 59
1304 468 1326 492 A*

585 606 621 695 ᾗ.
653 601 739 727 168.

113 823 116 828 .
153 761 192 858 3)
228 765 521 856 Praeparutio
558 764 604 830 in
638 779 811 868 ternpus
840 764 951 832 libri
977 765 1157 857 scripti.
1212 785 1215 794 ⁴

509 875 778 968 inquirens.

462 1013 466 1026 ‘
557 1011 769 1110 οε.ς.13.-ἶ

215 1171 279 1252 Ad
301 1155 446 1248 melius
476 1185 515 1244 et
533 1169 693 1270 plenius
710 1140 1021 1268 intelligendum
1040 1172 1192 1251 librum
1294 1231 1296 1234 -
1392 1203 1396 1216 ·

114 1301 414 1374 nonnunquam
454 1297 540 1346 non
578 1270 669 1356 satis
709 1269 784 1358 est,
847 1286 890 1343 ut
929 1271 980 1346 ed
1022 1290 1193 1351 aetatem
1261 1340 1267 1345 .

48 1399 50 1408 ¹
116 1379 305 1478 Αῡῦῖθέἱὸ
329 1373 615 1475 respiciamus,
651 1369 722 1445 sed
743 1358 1029 1447 'definiendum
1063 1375 1118 1450 est
1152 1393 1193 1452 et
1260 1463 1263 1469 .
1335 1363 1340 1392 ¹

115 1479 311 1580 temporis
339 1490 616 1562 momentum,
651 1475 696 1546 in
730 1469 842 1570 quo'd
867 1473 961 1550 libri
987 1477 1104 1576 origo
1130 1479 1193 1552 in-

25 1621 27 1628 ·
121 1581 231 1656 cidit:
285 1575 408 1682 Quod
442 1601 543 1650 vero
577 1589 624 1648 ut
658 1573 763 1648 bene
801 1575 1012 1671 cognitum
1047 1577 1194 1654 lrabea-

118 1705 235 1769 mu5‚
261 1705 356 1780 prae
384 1678 549 1750 caeteris
577 1700 700 1773 grave
726 1672 780 1746 est
801 1674 845 1746 in
864 1674 976 1758 libris
1005 1679 1195 1780 apologe—
1266 1681 1273 1698 ²

122 1783 228 1869 ticis,
255 1782 299 1854 in
317 1777 527 1878 Epistulis,
555 1775 743 1864 Homiliis
762 1774 1003 1870 quibusdam
1027 1794 1067 1852 et
1091 1807 1195 1856 non·
1243 1821 1246 1830 =

117 1884 240 1959 nullis
289 1880 443 1979 scriptis
477 1877 702 1978 polemicis.
763 1877 958 1974 Pleraque
992 1879 1196 1961 eiusmodi

116 1983 261 2082 scripta
284 1983 328 2055 in
355 1981 395 2065 se
427 1979 599 2068 habent,
652 2003 733 2075 quo
764 1974 856 2050 suae
901 1978 1078 2078 originis¹
1104 2009 1194 2060 mo-

116 2077 304 2162 mentum
324 2080 645 2182 intelligentibus
669 2073 906 2180 fignifioent.
998 2112 1006 2122 ·
1183 2075 1187 2081 “

472 2289 481 2345 ,’
581 2323 617 2412 ᾗ.
671 2317 749 2394 69..

179 2471 219 2565 4)
245 2512 290 2530 -
317 2513 363 2534 -.-
393 2476 445 2542 ad
481 2473 760 2556 authentiam
799 2471 910 2540 libri
949 2471 1138 2546 animum
1205 2505 1210 2515 ¹
1241 2549 1244 2555 ,

88 2565 95 2571 ’
537 2575 788 2664 attendens..
822 2666 829 2685 Ι

414 2741 542 2796 Wnrcu
566 2741 645 2796 Bihl.
669 2732 785 2812 putrifl.
821 2741 846 2811 §r
862 2720 905 2798 422
1075 2695 1076 2703 ἵ

227 2881 371 2956 Omnis
399 2877 449 2953 de
479 2881 595 2956 Libri
624 2879 842 2956 Authentia
876 2877 1052 2978 quaestio
1084 2906 1198 2958 exer-

47 3061 49 3066 ,
125 2994 239 3058 cetur
265 2983 563 3080 comparatione
590 2983 677 3056 eius
702 3007 794 3056 cum
823 2980 1097 3080 rebus‚'quae
1122 2975 1198 3058 no·

124 3085 187 3159 bis
219 3083 269 3157 de
296 3085 472 3158 Auctore
502 3099 541 3168 et
562 3099 766 3184 tempore,
802 3107 883 3181 quo
916 3080 1085 3183 scriptus
1121 3081 1198 3160 effe

156 3183 375 3274 erhibetur,
403 3185 681 3258 innotuerunt.
735 3182 893 3281 Siquid
914 3185 1030 3260 ineo
1056 3185 1200 3287 depre-

122 3213 363 3374 lienum,
393 3285 504 3382 quod
527 3285 638 3358 haud
655 3284 968 3359 consentaneum
984 3285 1102 3361 nobis
1122 3285 1199 3361 effe

123 3386 290 3461 videtur
323 3387 390 3460 vel
422 3412 516 3464 cum
540 3387 729 3462 Auctoris
761 3387 830 3460 vel
855 3411 948 3460 cum
981 3389 1198 3488 Temporis

122 3489 303 3576 ratione,
340 3485 389 3560 ad
426 3485 692 3560 dubitandum
720 3487 770 3561 de
802 3487 886 3560 eins
913 3490 1096 3588 genuine
1118 3490 1201 3564 ori·

125 3589 219 3688 gine
242 3593 469 3662 movemur.
526 3587 607 3664 Sed
625 3610 776 3686 quum,
803 3603 849 3662 ut
871 3585 1199 3688 supradiximus,
1308 3603 1309 3610 ’

126 3715 213 3763 non
230 3690 370 3763 'cuivis
393 3688 535 3764 datum
553 3687 624 3786 fit,
650 3689 839 3764 Auctoris
857 3691 963 3764 vitae
990 3705 1030 3764 et
1048 3691 1199 3768 Aetatis

126 3789 317 3864 rationes⁴
333 3788 404 3862 fibi
434 3789 508 3890 ipfi
534 3807 644 3882 recte
661 3791 942 3890 interpretari,
968 3791 1202 3894 incompa-

127 3892 301 3963 ratione
318 3907 473 3980 autem,
510 3917 559 3968 ex
584 3891 786 3966 debilitate
811 3893 959 3966 mentis
984 3893 1199 3986 humanae,

104 3988 346 4066 ‘admodum
377 3994 536 4066 varient
566 3991 750 4086 judicum
788 3991 1008 4068 sententiae
1046 3993 1202 4071 necelle

124 4087 191 4180 stt,
227 4093 395 4166 notitiae
422 4117 608 4190 quoque,
637 4119 738 4192 quae
767 4094 817 4167 ed
847 4101 1068 4170 Auctorem
1095 4098 1203 4172 eius·

124 4215 205 4289 que
224 4208 394 4266 aetatem
409 4194 586 4294 penitius
609 4193 937 4294 cognoscendam
955 4197 1105 4273 auxilio
1127 4224 1203 4273 no·

123 4291 188 4369 bis
210 4290 297 4369 else
330 4293 500 4386 debent,
539 4296 716 4373 rariores
749 4293 826 4372 smt
857 4311 898 4370 et
927 4294 1084 4400 saepius
1115 4323 1204 4377 non
