2898 5008
430 431 542 517 uu
573 379 632 514 11.¹
696 425 733 530 t..
766 420 828 524 aa.
1115 413 1169 506 u

90 611 232 713 dianae
275 607 561 709 vicislitudines,
601 611 730 690 medio
766 613 809 688 in
848 609 942 688 orbe
980 626 1175 689 terrarum
1208 627 1211 634 ’

92 714 371 788 christianarum
399 717 531 814 posrti3
556 733 764 788 tractantur
787 712 990 786 nobiscum
1006 711 1047 782 in
1064 735 1169 807 praev

91 818 231 902 sentia,
267 819 363 914 quae
390 819 484 889 olim
512 819 659 890 animos
686 833 725 888 et
748 815 899 916 linguas
925 815 1173 908 calamosque

94 918 276 991 Ecclcliae
302 925 519 992 Doctorum
555 935 807 1016 occuparunt3
841 914 1034 986 haurimus
1060 913 1167 988 laeti-

91 1021 184 1090 tiam
218 1038 284 1092 aut
316 1045 555 1107 moerorem,
600 1046 646 1094 ex
681 1041 905 1114 quacunque
934 1015 1165 1114 reipublicae

91 1117 307 1198 christianae
337 1118 435 1194 statu
466 1147 553 1194 oum
579 1120 625 1193 iis
651 1119 756 1217 ipfis,
792 1119 858 1214 qui
891 1119 1065 1212 proxime
1098 1132 1165 1186 aut

90 1221 208 1293 salute
241 1240 306 1294 aut
336 1223 448 1296 rebus
488 1219 644 1295 adversrs
681 1217 979 1297 Christianorum
1015 1216 1166 1290 adficie-

88 1321 246 1408 bautnr3
282 1322 345 1421 spe
376 1321 557 1422 erigimur
588 1341 653 1394 aut
684 1340 790 1394 metu
815 1319 1062 1416 deprimimur
1087 1342 1160 1416 pro

86 1439 319 1517 temporum,
341 1425 447 1496 hona
475 1443 540 1496 aut
563 1425 662 1495 mala
683 1420 1026 1520 appropinquantia
1044 1416 1163 1493 osten·

87 1523 282 1610 dentium,
318 1545 452 1598 natura
478 1525 710 1610 curatione,
746 1522 902 1620 perinde
934 1519 1036 1618 quasi
1069 1545 1161 1593 con·

87 1627 319 1718 tenrparanei
337 1625 493 1706 essemus
501 1654 513 1712 3
540 1627 718 1708 vivimus,
743 1643 788 1696 ut
804 1650 881 1696 uno
899 1624 1028 1695 omnia
1055 1647 1160 1695 com·
1249 1635 1256 1655 '

85 1725 319 1818 plectamur,
348 1727 436 1800 dum
464 1729 506 1800 in
529 1734 686 1801 Petrum
710 1722 834 1800 studio
861 1725 1045 1812 vivimut,
1070 1748 1160 1798 oum

83 1823 258 1930 Patribus
285 1828 372 1926 ipsis
392 1825 464 1922 **).

82 1991 295 2012 u———u-

116 2083 134 2114 e
180 2079 201 2106 t·
476 2083 483 2098 ·
1027 2081 1035 2096 ⁸

134 2079 258 2201 >tra
274 2101 333 2220 at
353 2051 1155 2214 anatzattaattmtmtattnurin

156 2215 216 2294 ‚plo
239 2217 287 2294 suo
302 2172 384 2273 nohis
409 2221 604 2276 demonstravit
619 2223 726 2276 Auctor
738 2219 824 2282 librir
855 2221 1076 2293 Compendium
1093 2223 1167 2274 An*

164 2295 345 2354 nantaturn
375 2287 639 2359 ecclesiasticorum
672 2309 687 2346 e
725 2290 925 2364 Scriptoribus
962 2288 1155 2364 apologeticis

162 2359 403 2436 eorumdemque·
432 2359 725 2414 commentatoribus
754 2355 973 2428 composttum‚·
1007 2357 1058 2446 qui
1086 2374 1155 2412 cum

169 2438 196 2476 er
217 2421 308 2478 studio
322 2427 348 2483 J.
365 2425 418 2482 Ge.
435 2427 587 2482 Warcurr
602 2427 710 2504 prodiit
728 2429 835 2505 Lipsiae
850 2433 924 2487 1733.
951 2435 976 2488 8.

112 2523 157 2595 ll)
184 2527 237 2600 Ipsr
267 2526 484 2605 historiographi
518 2529 688 2586 ecclesiastici
708 2528 784 2585 inter
812 2531 902 2584 Patres
929 2529 1094 2611 neutiquam
1116 2545 1153 2583 ex

165 2611 222 2648 arte
237 2596 425 2672 scripserunt,
479 2619 514 2653 ua
537 2599 672 2674 praeclari
700 2597 733 2652 in
755 2597 893 2654 historicis
916 2597 1057 2674 profanu,
1091 2613 1152 2652 tam

165 2662 351 2730 Graecorum,
372 2687 456 2742 quam
501 2685 684 2731 omanorum,
703 2665 870 2737 excelluntp
886 2687 976 2742 neque
999 2667 1031 2720 in
1056 2685 1089 2720 eo
1111 2665 1152 2720 la·

163 2729 316 2796 borarunt,
343 2751 374 2790 ut
396 2735 540 2790 historiam
563 2737 692 2791 nuntiam
714 2736 834 2791 iacerent
857 2751 884 2790 et
906 2736 1087 2811 interpretem
1101 2753 1150 2789 cu·

161 2819 224 2862 rae,
253 2803 377 2874 copfflii,
403 2805 555 2862 voluntatis
578 2806 710 2868 divinae,
741 2804 888 2877 religionis
918 2805 1032 2872 minus,
1083 2821 1149 2860 uam

162 2869 296 2922 Ecclesiae
329 2874 484 2928 commodis
511 2873 665 2938 studentes,
698 2889 726 2928 et
752 2875 931 2928 immemores
961 2873 1037 2926 effati
1065 2871 1149 2927 rliua

162 2937 341 2993 Auousrmr
362 2933 429 2998 Litss
455 2946 490 2998 da
517 2963 588 3000 uara
614 2943 757 3066 alipium
774 2941 946 3065 Capillsll.
982 2941 1148 3012 „Quoniam

163 3003 261 3064 divina
282 3007 459 3082 providentia
478 3030 535 3066 non
559 3011 650 3066 solum
692 3009 786 3086 agulia
830 3009 984 3080 ominibus,
1021 3012 1075 3064 nasi
1088 3010 1149 3085 'pri-

161 3073 268 3146 vatim3
289 3076 333 3130 sed
356 3078 484 3133 universo
506 3080 602 3154 generi
624 3079 766 3142 humano,
793 3094 925 3153 tanquam
947 3031 1061 3156 pubiice
1081 3097 1147 3134 oon-

163 3141 246 3196 sulit:
272 3145 342 3220 quid
368 3165 432 3200 cum
459 3148 574 3222 lingulis
601 3149 784 3202 siturDeus
808 3148 874 3210 scit,
893 3164 974 3221 atque
997 3149 1058 3224 ipsi,
1078 3166 1147 3203 cum

160 3209 264 3284 quibus
286 3215 396 3286 agitur,
423 3217 524 3273 sciunt.
560 3167 637 3290 Quid
658 3231 750 3270 autem
773 3231 869 3298 agatur
891 3235 956 3270 cum
977 3235 1076 3290 genere
1091 3216 1145 3270 hus

161 3297 255 3344 mano,
295 3301 325 3335 er
346 3283 489 3338 historiam
513 3285 703 3340 commendari
719 3285 813 3340 volurt
828 3300 855 3339 et
869 3304 920 3360 per
935 3285 1145 3361 prophetiam.⁴‘

162 3347 244 3418 Quod
290 3352 385 3408 acilus
407 3353 439 3406 in
462 3356 488 3406 se
513 3355 635 3428 recipere
657 3373 715 3407 non
738 3352 898 3416 dubitavit,
921 3355 947 3407 se
968 3356 1023 3408 fine
1046 3354 1087 3407 ira
1116 3369 1146 3410 et
1188 3394 1192 3402 ·
1232 3396 1236 3408 .

155 3413 257 3496 studio,
281 3438 402 3500 quorum
417 3423 507 3476 causas
523 3422 622 3496 procul
645 3421 773 3485 haberet,
793 3421 972 3496 composuisse
987 3421 1141 3488 historiam,

154 3483 187 3536 ad
209 3484 334 3542 historici
357 3489 527 3544 ecclesiastici
552 3491 633 3548 nullo
657 3491 742 3545 modo
767 3487 801 3546 de
821 3477 844 3546 se
866 3489 999 3544 affirmare
1019 3491 1143 3568 possunt,

155 3571 245 3626 quum
260 3553 295 3608 ad
317 3558 441 3631 partium
458 3559 582 3614 studium
604 3576 659 3614 tem
682 3579 763 3613 orum
785 3575 813 3614 et
830 3557 915 3613 officii
956 3561 1012 3614 uafi
1033 3559 1142 3615 ratione

152 3639 403 3694 raperenturrnec
427 3627 502 3702 quod
521 3630 620 3684 Cicero
642 3581 680 3682 ad
700 3627 842 3682 historiam
865 3627 923 3709 poli
956 3643 992 3690 at,
1011 3643 1044 3684 ut
1064 3648 1142 3704 prae·

152 3705 247 3763 paratu
273 3693 333 3748 otio
360 3695 538 3764 instituatur,
572 3715 606 3750 ex
628 3697 806 3772 negotiorum
828 3711 934 3750 ratione
955 3698 1020 3772 ipss
1042 3696 1140 3754 datum

154 3773 220 3813 erat.
256 3761 348 3816 Praeci
369 3781 404 3817 ue
428 3781 520 3819 autem
545 3766 713 3828 daromam,
735 3784 855 3840 quorum
872 3766 948 3820 causa
962 3765 997 3820 ad
1022 3766 1141 3820 conscri-

152 3821 273 3906 bendam
304 3830 334 3883 lri
358 3833 445 3886 oriam
476 3833 544 3891 eccl.
572 3837 598 3889 se
619 3835 789 3910 applicarent
819 3836 928 3888 Patrest
959 3855 1068 3898 unum,
1105 3850 1140 3891 ut
1183 3860 1190 3894 ς
1267 3887 1269 3890 .
1363 3841 1366 3846 “

157 3891 324 3973 drgnrtatenr
348 3915 375 3953 et
398 3902 542 3958 veritatem
567 3902 713 3977 religionis
739 3902 901 3956 christianae
921 3902 1139 3959 demonstrarent

151 3977 187 4013 ex
200 3966 317 4043 victoria
334 3967 486 4042 praeclara,
505 3991 589 4046 qrram
612 3972 679 4026 haec
694 3972 726 4030 in
746 3971 898 4028 certamine
914 3991 980 4026 cum
1001 3971 1138 4046 religione

149 4029 303 4150 fflrulrum
326 4051 527 4158 reportaverat:
547 4041 666 4096 alterurn
691 4055 802 4104 autem,
827 4055 859 4095 ut
885 4059 919 4094 ex
940 4059 1049 4116 pugnae
1070 4059 1137 4097 oum

69 4115 72 4120 ·
197 4102 306 4179 areticio
327 4104 354 4158 se
367 4106 460 4160 icitata
488 4109 677 4172 ostenderent,
703 4128 788 4184 quam
809 4127 873 4164 vera
895 4110 928 4164 fit
950 4109 1070 4165 Ecclesia
1094 4129 1137 4164 ca·

148 4165 255 4222 tholrca
272 4186 299 4226 et
318 4191 402 4248 quarn
417 4175 525 4254 integra
540 4179 573 4232 in
591 4179 648 4254 ipsa
666 4179 821 4232 conservata
837 4176 981 4252 apostolica
997 4178 1135 4238 Traditio.

147 4235 209 4306 Qua
230 4237 275 4320 da·
288 4243 364 4296 cansa
390 4242 480 4298 tribus
502 4249 662 4321 praesertim
684 4247 717 4300 in
738 4245 820 4301 rebus
841 4246 1011 4322 exponendis
1026 4249 1135 4302 versan-

142 4317 206 4358 tur:
239 4308 346 4365 lcrlicet
365 4312 399 4366 in
423 4316 597 4394 exponendis
627 4313 866 4391 persecutionibus
889 4331 918 4371 et
937 4315 1135 4372 vexationibus

141 4371 350 4434 Christianismi
357 4399 368 4452 5
418 4401 466 4476 ³¹¹2
498 4383 708 4442 demonstranda
757 4385 891 4442 continua
924 4388 1132 4466 Episcoporum

176 4569 196 4598 Ι·
