2898 5008
383 447 561 526 „Pras
593 449 641 535 Π.
712 453 749 543 .§.
782 445 842 541 55,
1092 449 1181 531 ‘47
1280 521 1284 534 .

109 659 223 734 quam
253 662 301 711 ex
318 636 477 711 ¹Tummo
506 637 675 734 quodam
708 631 907 734 praecepto
936 625 1183 728 deducerent,

106 758 146 812 et
174 740 219 812 de
247 739 354 810 omni
387 739 465 811 vita
501 735 704 812 christiana·
727 740 844 816 nimis
881 739 1036 838 anguste
1070 743 1184 814 fenti·
1224 756 1226 764 ’

106 859 192 913 rent
227 859 272 912 et·
297 841 519 932 judicarent.
579 846 709 934 Itaque
751 843 997 914 admonendo
1038 847 1181 940 potino,

8 1013 13 1030 ‚
109 966 226 1038 qnam
264 943 437 1014 docendo
476 941 610 1040 scripta
642 949 797 1015 uanum
822 944 985 1015 moralia
1009 943 1183 1020 studiofis

107 1045 272 1142 prosunt
288 1042 378 1134 ***).
802 1041 811 1066 ⁸
1074 1072 1079 1076 ·

109 1195 320 1211 m

120 1341 126 1350 ,
146 1282 173 1352 ·)
195 1281 259 1336 Vox
279 1279 315 1334 est
338 1283 464 1341 hominis
480 1281 610 1350 fanatici,
628 1302 685 1339 non
699 1283 842 1360 theologi,
862 1289 991 1344 cnamvis
1008 1289 1186 1359 catholici-

197 1367 319 1423 quorum
343 1369 436 1408 tamen
470 1352 507 1406 eft
529 1352 680 1412 affirmare.
715 1374 784 1429 quae
807 1357 839 1408 in
861 1358 906 1410 SS.
930 1362 1043 1413 Patrum
1074 1361 1183 1435 scriptia

199 1438 258 1472 non
280 1436 442 1484 occurrant,
463 1439 493 1474 ea
519 1420 552 1473 do
575 1420 627 1474 fide
652 1423 702 1478 effe
726 1442 782 1478 non
825 1426 878 1478 offe
893 1458 924 1468 —
942 1448 1011 1502 quae
1035 1429 1127 1486 emiss'a
1150 1429 1184 1484 in

163 1492 167 1502 ’
197 1491 367 1546 Bemmsrt
381 1492 508 1562 Allgem.
525 1491 693 1562 Religions·
712 1495 778 1546 und
794 1447 1053 1567 iiirchenfreunde
1069 1517 1092 1554 a.
1111 1506 1185 1560 1833.
1203 1567 1208 1574 .

198 1579 237 1613 m.
261 1559 362 1620 Mne,
385 1559 424 1613 ita
446 1559 539 1611 sonat:
577 1559 723 1621 „Seitdem
742 1561 791 1616 ich
812 1563 857 1615 die
875 1561 977 1618 Schule
1001 1566 1050 1620 der
1073 1569 1186 1624 erhabe-

201 1646 257 1680 nen
271 1627 354 1680 Vater
369 1627 420 1680 der
435 1625 574 1682 Urkiroiae
591 1627 724 1690 besuche,
743 1629 802 1682 und
816 1629 961 1686 besondcrs
980 1635 1044 1688 dem
1059 1637 1196 1712 heiligen

201 1696 328 1747 irenaeus
351 1695 427 1747 mein
442 1697 517 1748 Herz
540 1697 722 1768 zugeweudet
737 1697 816 1760 habe,
836 1701 901 1755 will
917 1704 974 1764 {nir
992 1705 1085 1760 niclrts
1104 1709 1187 1764 mehr

121 1817 124 1824 ,
200 1765 229 1817 so
243 1764 321 1816 recht
334 1762 402 1816 beha
440 1784 473 1828 n,
489 1781 548 1817 was
563 1766 608 1818 die
623 1765 799 1820 neuesteZeit
815 1769 954 1824 imFaehe
970 1773 1020 1827 der
1035 1775 1104 1833 heil.
1114 1778 1188 1832 VVis·
1299 1795 1305 1804 ‘

202 1831 335 1886 senTchaft
357 1853 394 1884 nn
446 1832 631 1896 Sittenlehre‚
674 1834 768 1888 zumal
797 1837 955 1894 aufrviesen
978 1843 1200 1902 Lehranstalten¹

200 1899 405 1954 Deutschlands
425 1900 657 1974 hervorgebraclat
675 1903 753 1958 hat.“
788 1905 854 1961 Non
874 1907 966 1964 cuivis
988 1911 1101 1968 homini
1124 1934 1189 1969 con-

200 1967 287 2041 tingit
313 1969 388 2021 adire
412 1969 598 2024 Corinthum!
642 1971 788 2028 Caeterum
818 1974 863 2030 nil
886 1978 1015 2044 mirum,
1049 1984 1070 2037 st
1096 1986 1188 2038 Patres

200 2036 366 2111 disciplinae
396 2037 566 2110 dogmaticae
599 2039 761 2096 excolendae
791 2057 847 2097 tam
893 2065 972 2100 arum
1002 2051 1188 2126 profuerunt:

201 2123 292 2176 neque
318 2106 392 2156 enim
417 2121 575 2180 temporum
601 2109 744 2180 conditio,
762 2127 851 2186 neque
869 2065 1015 2173 itersrum
1038 2120 1120 2175 status
1140 2121 1189 2188 ha·
1222 2139 1223 2146 ¹

203 2169 303 2234 hebet,
319 2172 406 2247 ‚quod
430 2175 503 2248 ipsos
529 2176 725 2240 ari-studium,
747 2179 874 2252 dogmata
896 2184 1042 2244 christiana
1064 2190 1139 2244 inter
1162 2193 1189 2245 se

16 2267 20 2274 ·
106 2285 108 2288 .
169 2261 181 2272 ··
204 2241 388 2295 connectendi
409 2243 488 2295 etin
511 2245 639 2298 ordinem
662 2246 765 2316 justum
782 2251 928 2332 redigendi
950 2256 1027 2312 etad
1042 2277 1189 2314 summum

203 2309 344 2384 quoddam
366 2327 562 2390 argumentum
584 2317 733 2370 revocandi
753 2317 915 2394 impulrffet.

150 2415 195 2484 ὓ)
221 2411 265 2467 Cf.
283 2414 354 2469 Per.
371 2415 460 2467 Zonn
485 2417 521 2470 de
544 2417 630 2474 naria
646 2421 783 2490 fortuna
802 2424 881 2481 vocis
903 2423 1131 2498 όμοούσιοςε
1157 2432 1190 2487 in

188 2483 312 2576 ιΕιυει).
338 2483 461 2554 Opusec.
478 2485 558 2556 foer.
581 2488 604 2549 Ι,
624 2495 656 2550 71
676 2489 744 2564 sqq.¹

152 2586 208 2656 m)
225 2586 352 2641 waren
373 2585 516 2645 Biblioth.
539 2585 655 2664 parast-
677 2595 701 2665 §-
715 2575 766 2654 '118
781 2593 840 2673 ssa·

571 2751 718 2859 §.ss
778 2751 821 2824 -'

123 2932 249 3034 Quid
297 2929 703 3032 interpretationi
742 2940 980 3020 librorum
1020 2945 1189 3053 sacro·

153 3084 253 3130 rum
277 3055 430 3164 prosit
455 3067 653 3137 Petrum
679 3065 921 3171 Ecclesiae
941 3065 1171 3172 studium?

415 3257 430 3286 s
479 3225 604 3281 vvarcn
631 3227 649 3287 t
668 3233 751 3302 c.v.§·
777 3237 835 3316 1ρἳ
865 3231 868 3238 ’

221 3369 416 3441 Nolumus
452 3369 498 3442 iis
533 3372 787 3464 adnumerari,
823 3381 888 3476 qui
914 3383 1211 3483 scripturarum

118 3467 306 3540 sacrarum
333 3471 705 3567 interpretationem,
741 3499 855 3574 quam
887 3499 1028 3577 vocant
1051 3489 1195 3565 histori-

118 3573 504 3667 co·grammaticam,
540 3599 626 3670 cum
656 3582 763 3651 omni
796 3583 843 3653 ad
875 3611 956 3658 eam
983 3584 1195 3684 pertinente

118 3669 332 3744 litterarum
361 3670 494 3747 studio¹
521 3693 557 3748 et
585 3680 778 3756 doctrinae
805 3707 989 3780 apparatu
1003 3685 1039 3781 *)
1072 3698 1194 3794 negli-

122 3791 253 3868 gentes
282 3775 363 3846 imo
390 3777 624 3870 rejicientes,
655 3783 696 3853 in
730 3809 773 3856 eo
800 3789 911 3879 unice
937 3789 1005 3863 fibi
1023 3796 1193 3892 placent,
1282 3785 1285 3792 ⁵

123 3889 168 3970 ut
203 3871 349 3944 sensum
382 3879 649 3978 allegoricum,
683 3887 878 3980 typicum,
919 3891 1121 3986 mysticum
1152 3901 1195 3976 in

121 3971 375 4076 sacris'literis
401 3981 844 4088 latentemiinvestigent
868 4009 981 4089 atque
1006 4003 1195 4093 oporinum
1306 4009 1309 4016 ’

118 4093 244 4170 neque
269 4077 334 4161 iis,
370 4081 436 4176 qui
466 4085 744 4161 liberalioribus
775 4091 1101 4192 interpretationis
1125 4101 1198 4180 stu·

120 4175 193 4248 diis
221 4177 433 4268 abalienati,
462 4187 508 4256 ad
536 4186 809 4266 ecclefiasticam
842 4195 1056 4284 doctrinam
1082 4205 1198 4282 libr'o·

120 4302 209 4350 rum
236 4281 425 4358 sacrorum
452 4289 563 4361 verba
592 4291 839 4390 detorqueant
847 4324 859 4382 3
895 4298 958 4372 sed
984 4303 1025 4378 in
1051 4331 1098 4380 eo
1128 4334 1198 4410 po·

118 4381 248 4456 nimus
275 4398 401 4484 partes
431 4386 562 4477 officii,
599 4418 675 4489 quo
702 4394 816 4498 fungi
843 4399 982 4476 debent
1007 4411 1199 4516 Doctores
