2898 5008
256 307 316 430 'n‘
405 354 514 430 ens
538 357 570 430 1.
606 355 731 430 ster.
756 359 804 434 ιι,
839 352 944 452 ,cra
970 357 1020 463 ιι.
1063 359 1100 450 §.
1126 356 1190 434 48.
1242 322 1248 348 ¹

180 586 183 595 ·
262 539 431 626 caulam,
457 542 510 612 ita
532 543 573 614 in
600 538 698 638 stylo
720 544 862 640 ingenii
889 545 1141 639 proprietates'
1165 543 1343 642 agnosei-

262 665 364 714 mus.
418 643 665 738 Simplicitas,
714 671 811 740 qnae
850 643 1092 716 clallieorurn'
1120 649 1342 716 Auctorum

263 739 360 836 stylo
394 767 477 814 non
513 745 660 842 vulgari
694 747 1020 838 commendationi
1050 743 1120 832 est,
1156 763 1194 817 et
1228 747 1341 817 cuius

266 841 521 938 adsequendae
547 848 725 917 nonnulli
741 850 893 918 Patr‘rnn
921 873 1002 917 non
1029 863 1161 942 parn'tn
1185 843 1344 918 studiosi

265 943 423 1016 fuerunt
439 947 519 1036 **)‚
546 947 644 1018 cedit
671 948 789 1044 magis
817 949 1012 1045 magisque
1037 947 1229 1018 universae
1252 973 1344 1018 eru-

167 1043 169 1050 ’
269 1045 427 1126 ditionis
464 1065 504 1118 et
535 1045 646 1118 studii
681 1045 1163 1135 literarunrruinaeffl),
1198 1065 1236 1120 et
1269 1049 1345 1120 hac

270 1167 316 1216 ex
342 1148 448 1218 causa
469 1141 597 1220 Patres
629 1149 808 1220 seriorum
828 1145 1064 1236 Seenloruin,
1090 1167 1240 1220 tantum
1256 1173 1345 1220 non

244 1271 425 1336 ‘omnes,
465 1250 513 1321 de
547 1245 719 1326 affectato
753 1251 937 1326 orationis
973 1275 1108 1356 genere
1139 1252 1238 1336 male
1276 1275 1346 1324 au·

272 1345 394 1422 diunt.
913 1365 919 1376 “

273 1502 507 1531 ····-·······-·a·

307 1603 336 1671 ¹)
350 1591 428 1654 'Non
448 1599 540 1656 solum
568 1587 659 1675 llylue¹
676 1615 729 1686 pro
755 1601 917 1658 diversitate
937 1602 969 1658 in
990 1603 1048 1657 enil
1070 1618 1122 1658 ete.
1148 1599 1273 1657 diversus
1295 1600 1346 1670 esi,

358 1668 405 1723 sed
420 1684 447 1724 et
462 1670 596 1725 Virorum
612 1671 787 1726 eruditorum
811 1671 952 1740 iudicium
970 1622 1009 1726 de
1030 1671 1202 1747 srngulorum
1224 1669 1349 1744 Scripto-

359 1755 426 1792 rum
448 1738 512 1810 styli
535 1739 690 1794 virtutibus
714 1755 743 1795 et
762 1739 859 1801 vitiis.
892 1740 999 1794 mirum
1023 1741 1060 1794 est
1090 1753 1225 1814 qnantum
1246 1739 1350 1792 variat.-

266 1859 269 1868 ,
359 1805 413 1858 Du
438 1807 546 1860 Pueros
572 1823 600 1861 et
620 1809 804 1870 Butuntos,
835 1808 973 1883 siquidem
1000 1827 1052 1882 ego
1080 1823 1153 1862 reete
1183 1807 1266 1860 video
1274 1844 1283 1868 ‚
1311 1807 1348 1860 in

361 1873 546 1944 dijudicando
574 1876 708 1929 Ecclesiae
739 1879 851 1930 Patrum
877 1876 964 1948 stylo,
998 1877 1046 1930 cni
1071 1876 1217 1958 praecipue
1249 1873 1348 1956 plures

362 1942 462 1996 eorum
475 1943 604 1998 Editores
628 1943 752 1998 nimium
773 1944 969 2018 indulgerent,
989 1963 1053 2020 prae
1077 1945 1139 2000 aliie
1159 1944 1297 2016 rngeruofi
1318 1957 1349 1996 et

362 2011 453 2086 aequi.
496 2013 606 2084 Quanto
626 2031 670 2066 ere
699 2032 901 2086 nonnunquam
933 2013 983 2066 lrac
1006 2013 1038 2066 in
1059 2032 1090 2066 re
1109 2013 1184 2068 inter
1205 2014 1230 2066 se
1246 2011 1350 2068 discre-

353 2095 431 2153 pent
453 2079 589 2134 Virorum
642 2098 769 2135 cetorum
794 2081 958 2143 sententiae,
985 2081 1080 2136 videre
1104 2081 1141 2134 est
1162 2083 1194 2134 in
1216 2081 1347 2150 judiciis,

362 2166 434 2222 quae
453 2147 639 2210 deAmbrosii
652 2148 807 2204 Librorum
828 2149 862 2204 de
883 2148 992 2204 officit·
1015 2150 1085 2226 stylo
1108 2151 1242 2205 fecerunt.

312 2251 357 2323 ²³)
383 2251 475 2304 Prcus
504 2253 766 2308 Mrnttnnrrenuue
784 2248 876 2323 Epist.
892 2253 944 2322 ΙΙΙ,
967 2261 1008 2312 10.
1043 2253 1224 2309 Lactantius
1244 2249 1352 2324 slylum

367 2319 511 2376 Ciceronis
541 2321 691 2394 effigiavit,
718 2320 765 2375 vel
793 2337 826 2376 ut
851 2320 1020 2394 quibusdam
1049 2322 1139 2396 placet
1164 2321 1350 2394 supergrellue

366 2387 418 2441 est:
442 2389 518 2442 milti
539 2390 652 2446 videtur
670 2387 753 2444 rebus
775 2405 802 2443 et
821 2391 962 2444 sententiis
982 2389 1123 2452 crebrior,
1150 2407 1201 2442 neo
1221 2388 1349 2442 numeria

364 2457 568 2527 injucundior,
587 2477 638 2512 nec
654 2457 705 2512 fibi
720 2457 916 2531 aequabilitate
942 2471 969 2512 et
983 2458 1100 2512 candore
1115 2456 1256 2531 posterior.
1290 2459 1351 2510 Hae

364 2525 435 2599 quip
456 2545 470 2578 e
499 2526 617 2582 virtutes
642 2527 775 2582 maximia
802 2526 912 2582 viribus
939 2543 966 2583 et
987 2526 1140 2580 aemulatur
1166 2541 1193 2579 et
1215 2525 1350 2580 assecutus

367 2593 422 2658 est,
436 2547 518 2649 laune
539 2615 590 2649 nec
614 2595 755 2670 aequalem
780 2595 878 2669 posteri
901 2593 1131 2658 momorderunt,
1154 2613 1237 2648 nemo
1260 2593 1349 2646 elum-

367 2659 452 2726 bem,
471 2679 498 2717 et
519 2663 655 2732 fractum,
669 2663 848 2725 'Asiaticum
875 2679 902 2717 et
924 2663 1119 2717 reduntantem
1158 2663 1280 2716 causatus
1304 2661 1348 2718 est.

368 2730 415 2783 De
440 2729 553 2800 Bafilio
576 2733 698 2805 Magno
728 2732 767 2785 ita
790 2733 841 2786 Du
866 2734 972 2786 Pruros
995 2735 1014 2788 l.
1032 2752 1055 2790 c.
1078 2735 1123 2794 ΙΙ,
1146 2737 1206 2789 343.
1251 2731 1347 2784 Dictio

366 2799 427 2853 eiua
449 2819 519 2876 pura
540 2816 567 2854 et
591 2798 745 2874 significans
763 2799 808 2856 est.
844 2799 933 2854 Illius.
956 2799 1110 2854 locutiones
1132 2800 1196 2852 sunt
1218 2797 1347 2854 sublimes

367 2884 451 2942 atque
473 2890 517 2922 rna
539 2865 754 2950 nilicawstplue
772 2867 891 2942 elegans,
916 2868 1023 2923 nitidus
1037 2885 1065 2923 et
1081 2869 1115 2923 ad
1167 2867 1351 2922 rsuadendum

367 2887 608 3007 accommodatum
633 2953 722 2992 oratio
744 2939 850 3012 semper
873 2937 1025 3003 naturalia,
1044 2959 1109 2994 cum
1162 2936 1246 2991 nitate
1263 2934 1352 2990 fluent

367 3021 397 3058 et
411 3008 501 3060 'omni
524 3024 617 3060 carena
640 3005 820 3060 affectatione.
855 3005 985 3064 Jueunde
1005 3001 1165 3082 persuadet,
1193 3024 1236 3058 ree
1249 3005 1353 3060 ¹nitide

366 3076 502 3150 exponit,
527 3075 567 3128 ita
589 3074 699 3128 dextere
722 3092 765 3126 eas
787 3075 819 3127 in
843 3073 906 3127 luce
932 3073 1065 3136 collocat,
1090 3091 1122 3128 ut
1146 3072 1243 3128 haberi
1293 3073 1354 3128 offit

365 3156 510 3218 tamquam
534 3141 691 3218 exemplar,
717 3142 803 3217 quod,
826 3142 969 3214 judicante
995 3141 1111 3205 Plrotio,
1138 3143 1260 3196 eDemo
1269 3144 1356 3197 rhene

367 3227 397 3266 et
420 3211 592 3288 peritillimie
619 3211 706 3265 totius
730 3211 915 3332 Antiquitatie
940 3209 1106 3265 Oratoribus
1140 3230 1197 3263 non
1228 3210 1355 3271 multum

367 3279 457 3338 distat.
490 3283 569 3344 Imo,
595 3281 748 3333 fiEraemo
763 3297 807 3332 cre
829 3279 914 3342 imur,
932 3279 1051 3334 Basilina
1071 3279 1202 3356 antiquos
1223 3277 1357 3336 Oratores

366 3369 478 3425 graecos
495 3347 654 3412 antecellit,
676 3363 704 3404 et
719 3348 846 3424 ipsorum
862 3349 942 3404 vitiis
960 3365 1042 3405 caret.

315 3434 374 3530 a«)
390 3454 506 3516 aaran
528 3451 588 3518 oa
607 3445 719 3542 etant.
743 3450 1061 3528 ramrscarrneorogra
1081 3451 1110 3508 a.
1124 3455 1179 3514 no
1195 3449 1227 3508 a.
1247 3410 1253 3417 ’

750 3661 786 3758 §-
836 3659 905 3742 48..

285 3813 325 3904 ³)
354 3814 575 3882 Deforme
598 3811 899 3896 Scrlptorum,
922 3809 964 3876 in
989 3830 1074 3896 qua
1099 3807 1362 3886 sibiPatreq

681 3923 967 4013 placuerunt,-

390 4073 517 4142 Patres
550 4065 591 4136 in
627 4063 907 4136 conscribendis
937 4061 1047 4136 libris
1079 4063 1155 4134 suis
1188 4086 1268 4145 non
1302 4057 1366 4130 so-

286 4171 370 4264 lum
398 4171 443 4238 iis
470 4167 605 4240 fonnis
633 4165 686 4237 usr
712 4169 809 4250 lunt,
837 4189 928 4260 quas
956 4166 1000 4236 ab
1028 4164 1251 4260 antiquitate
1276 4159 1367 4232 clas-

285 4269 356 4349 fica
382 4287 626 4370 acceperant,
657 4268 720 4340 sed
754 4267 982 4368 addiderunt
1015 4267 1131 4340 etiam
1166 4263 1366 4362 quaedam,
